2070 3774
220 200 306 295 342
420 170 587 267 Sabbata
604 178 747 269 Sancto

162 290 325 406 Antiph.
362 294 477 383 Deua
503 296 661 408 adjuvat
680 290 987 382 me:&Domi·

119 472 122 483 .
161 433 238 493 nun
265 435 555 525 susceptor-est
571 415 711 501 animno
739 438 840 497 meae
860 470 904 544 Ἴ

163 527 323 638 Antiph.
356 531 400 613 ln
416 559 538 644 pace.
716 530 891 614 Psalmus
912 558 980 642 75.

279 638 380 727 Otua
397 646 440 728 in
464 645 724 756 JudaeaDeur
740 673 750 722 :
764 645 842 729 *in
867 646 985 732 lsrae'l

284 786 472 873 magnum
499 791 645 846 nornen
671 768 781 872 ejus.

86 920 95 933 κ
162 876 225 956 Er
252 872 377 960 fretur
393 898 452 959 est
481 877 523 961 in
536 906 631 993 pace
660 879 890 988 locurejur:
912 876 987 958 *ἀ

165 986 357 1093 habitatio.
385 994 469 1099 ejus
496 994 539 1077 in
564 992 685 1080 Sion.

168 1100 233 1197 lbi
274 1105 470 1218 confregit
501 1109 691 1220 potentias
725 1134 888 1190 arcuum
923 1106 987 1191 ε*

75 1268 78 1273 ’
161 1244 349 1319 neutum,
377 1223 584 1338 gladium,
612 1222 652 1302 ὅ(
681 1218 830 1307 bellurn
850 1248 871 1302 .·
992 1277 996 1282 -

169 1336 403 1424 illuminans
444 1361 487 1420 tu
522 1335 750 1423 mirabiliter
783 1343 802 1420 ὲ
839 1339 989 1421 monti-

168 1446 241 1535 bus
266 1454 421 1536 aeternis
436 1481 446 1529 t
463 1449 486 1497 *
504 1449 647 1536 turbati
666 1477 756 1536 runt
774 1480 916 1535 ornnes
933 1454 990 1538 in

169 1567 355 1681 aipientea
369 1567 489 1677 corde
506 1628 516 1648 .

166 1682 435 1769 Dormierunt
450 1707 629 1766 somnum
650 1710 764 1763 suurn
782 1715 793 1763 ε
811 1679 835 1728 *
868 1678 910 1760 ἃ
931 1683 993 1766 ni·

92 1856 97 1864 ·
169 1796 224 1880 hil
242 1799 472 1884 invenerunt
487 1824 623 1880 ornnes
652 1798 726 1881 viri
758 1797 989 1882 divitiarum

87 1940 91 1947 ·
171 1912 423 2004 inmanibus
449 1913 557 1997 auis,
966 1990 969 1995 .

166 2026 243 2114 Ab
274 2029 537 2142 increpatione
554 2052 646 2127 tua,
676 2028 786 2108 Deus·
803 2022 925 2135 Jacob
940 2060 955 2113 2
968 2028 991 2073 *

173 2143 480 2231 dormitaverunt
535 2203 548 2245 ,
610 2144 677 2255 qui
736 2143 993 2227 ascenderunt

173 2287 327 2368 equos,

167 2374 246 2456 Tu
278 2371 459 2460 terribilis
488 2401 556 2473 es,
584 2371 624 2452 ὅ(
651 2375 737 2485 quis
768 2373 923 2470 resistet
949 2373 990 2456 ti·

170 2483 293 2573 bit*
317 2520 365 2574 ex
395 2512 487 2572 tunc
518 2488 575 2572 ira
606 2511 702 2589 tua.

169 2602 247 2689 De
278 2606 375 2689 ceelo
391 2602 565 2687 auditum
582 2602 704 2687 fecisti
737 2601 990 2710 judiciunrr*

173 2719 479 2817 terratrernuit,
509 2715 548 2798 ὅ(
580 2717 755 2829 quievit.

172 2834 287 2919 Cum
318 2855 528 2944 exurgeret
545 2834 586 2922 in
602 2833 791 2944 judicium
809 2833 926 2914 Deus
942 2828 991 2908 t*

175 2973 219 3063 ur
248 2949 374 3042 salvos
415 2948 574 3034 faceret
592 2976 727 3035 ornnes
773 2967 991 3032 mansuetos

175 3089 321 3151 tetrae.

173 3179 375 3301 Quoniam
406 3180 595 3297 cogitatio
626 3178 795 3263 hominis
827 3178 985 3373 corgite-

434 3356 439 3363 .
907 3324 936 3374 1·
