2070 3774
164 196 248 320 ¹338
365 195 535 284 sabbato
550 198 694 285 Sancto

103 314 208 431 Quis
236 347 311 406 nos
338 320 787 408 videbit‘fflefecerunt
820 351 926 410 scru-

101 460 227 524 tantes
260 440 517 522 scrutationes
545 499 558 540 ‚
595 438 754 523 consilia
782 441 923 525 mala:

101 552 272 638 Accessit
288 552 409 637 homo
439 559 489 641 ad
521 557 604 667 ipsa
631 550 818 639 consilia:
839 585 923 670 pas·

102 696 168 753 sus
183 692 241 752 est
257 695 297 753 se
316 669 463 770 teneri,
481 678 526 754 ut
544 670 665 754 homo
680 729 691 752 .
708 668 803 752 Nou
816 673 923 754 enim

101 804 303 867 teneretur
333 785 408 867 nisi
438 785 559 869 homo
584 844 597 886 ,
626 804 693 866 aut
725 783 924 871 videretur

102 898 176 981 nisi
207 897 328 981 homo
358 928 373 1000 ς
406 921 473 982 aut
504 899 833 1014 crucifigeretur,
861 923 924 985 aut

102 1032 346 1115 moreretur,
374 1015 447 1098 nisi
480 1012 631 1097 homo.
660 1015 833 1099 Accessit
862 1044 925 1102 er·

102 1153 162 1242 go
192 1129 312 1211 horno
342 1132 393 1215 ad
423 1125 506 1212 illas
533 1157 669 1213 omnes
697 1132 922 1242 passiones:

104 1271 197 1352 quac
227 1243 354 1326 inillo
373 1243 471 1327 nihil
501 1243 790 1343 valerentmisi
826 1269 927 1330 esset

103 1358 254 1439 homo.
283 1355 364 1443 Sed
390 1359 423 1441 si
452 1358 516 1443 ille
536 1388 618 1446 non
643 1381 744 1442 esset
773 1360 924 1449 horno:

105 1502 185 1556 non
212 1468 442 1559 liberaretur
466 1474 616 1560 horno.
645 1477 820 1560 Accessit
850 1479 927 1563 ho·

105 1616 174 1669 mo
206 1587 349 1673 adcor
375 1588 525 1690 altum,
552 1591 680 1690 idest,
709 1617 777 1674 cor
793 1619 927 1678 secre-

104 1727 229 1804 tum,
256 1700 442 1814 objiciens
482 1700 698 1819 aspectibus
743 1705 926 1792 humanis

104 1817 333 1920 hominem,
361 1845 518 1905 servans
549 1823 651 1905 intus
676 1820 843 1905 Deum:
864 1854 926 1911 ce-

106 1932 188 2018 lans
204 1930 370 2020 formam
386 1934 483 2036 Dei,
499 1935 541 2020 in
573 1965 650 2047 qua
673 1932 837 2046 aequalis
869 1962 926 2026 est

105 2045 233 2149 Patri,
261 2046 299 2127 ὅ(
320 2044 488 2136 offerens
503 2048 670 2159 formam
683 2052 821 2153 servi,
851 2084 924 2168 qua

106 2163 236 2246 minor
263 2185 321 2248 est
349 2167 490 2259 Patre,
953 2180 963 2245 ἰ

103 2274 158 2392 Iit.
190 2275 363 2363 Recessit
376 2281 510 2364 Pastor
525 2300 679 2382 noster,
694 2277 783 2365 fons
810 2310 922 2398 aquae

107 2393 233 2492 vivae,
260 2394 311 2478 ad
326 2396 438 2503 cujus
464 2397 667 2479 transitum
693 2394 752 2479 sol
780 2393 921 2484 obscu-

107 2528 212 2592 ratus
230 2520 312 2607 'est3
341 2536 430 2592 narn
448 2505 489 2589 ὅ(
504 2508 570 2595 ille
589 2533 723 2622 captus
740 2504 829 2616 est,
860 2512 918 2624 qui

107 2622 304 2733 captivum
356 2618 512 2708 terrebat
566 2625 737 2738 primurn
795 2626 920 2711 homi·

107 2735 225 2820 uem:
243 2737 267 2781 '¹‘
288 2734 327 2814 H
340 2737 431 2822 odie
447 2761 577 2851 portas
593 2740 747 2839 mortis,
764 2736 805 2820 ἃ
824 2767 919 2831 seras

137 2849 255 2935 ariter
267 2841 445 2938 Salvator
467 2875 602 2939 noster
617 2853 809 2968 disrupit.

105 2877 161 3060 ξ’.
192 2963 396 3050 Destruxit
426 2968 586 3078 quidem
610 2969 779 3054 claustra
807 2966 917 3054 infer-

104 3190 273 3316 apte.

109 3075 183 3179 ni,
208 3077 249 3159 ὅ(
290 3077 481 3168 subvertit
517 3083 711 3202 potentiss
753 3080 914 3171 diaboli.
945 3132 958 3399 p

946 3408 953 3463 t

790 3316 894 3418 cs.

938 3502 952 3702 i
