2070 3774
184 173 414 279 secundum
430 195 701 294 Mattheeum.
757 233 814 329 23
872 282 879 295 ,

80 326 234 411 ttenim
246 326 409 444 sanguis
418 350 533 413 meus
552 324 649 411 novi
675 337 882 412 testoneni

90 443 192 553 ‚qui
220 451 298 556 pro
325 442 460 527 multis
490 436 722 528 effundetur
751 442 878 553 inre·

80 558 277 643 tirsionem
304 582 587 674 peccatorum.
610 556 718 644 Dico
748 581 882 645 autem

80 672 162 761 >bis
180 706 194 757 ε
209 702 293 759 non
318 673 452 762 bibam
475 676 619 762 amodo
647 675 697 761 de
712 676 791 759 hoc
804 700 884 789 ge·

80 791 200 875 'smine
227 791 321 877 vitis
364 818 488 903 usque
520 796 563 877 in
593 791 700 877 diem
739 791 883 896 iilum,

80 912 152 991 hm
179 902 279 990 iilud
318 903 452 993 bibam
483 905 688 996 vobiscum
729 936 881 995 novum

80 1045 251 1134 treguo
278 1026 404 1108 Putris
431 1027 539 1109 mei.
571 1009 609 1093 C
641 1027 693 1108 Et
724 1024 881 1133 hymno

80 1134 188 1238 icto,
216 1138 398 1224 exierunt
423 1141 465 1221 in
492 1162 667 1227 montem
686 1136 879 1231 'Oliveti.

80 1250 165 1335 'unc
183 1252 282 1337 dicit
296 1253 372 1337 illis
385 1257 524 1363 lesus:
556 1245 608 1348 *ir
638 1250 791 1339 Omnes
805 1282 879 1341 vos

80 1365 282 1454 :undalum
314 1362 515 1484 patiemini
553 1371 597 1456 in
626 1399 690 1457 me
732 1370 776 1454 in
805 1369 882 1457 isto

80 1504 170 1571 octe
188 1484 416 1600 .Scriptum
429 1507 490 1572 est
503 1488 610 1572 enim
629 1479 881 1569 :Percutiatn

80 1602 334 1702 notorem&
360 1602 649 1719 dispergentur
674 1628 770 1686 oves
782 1622 881 1715 gre-

81 1719 144 1801 is.
177 1718 389 1830 Postquam
417 1718 548 1803 sutem
577 1745 833 1804 resurrexero
869 1775 884 1820 ‚

80 1830 282 1920 raecedam
305 1834 441 1918 vorin
468 1831 706 1921 Galilaeam..
738 1818 777 1921 C.
808 1834 882 1921 Re·

80 1948 254 2063 ponderis
284 1970 415 2035 autem
443 1953 612 2052 Petrus,
641 1952 696 2036 ait
724 1947 782 2031 illi
809 1941 881 2032 :S

80 2064 137 2149 {tsi
167 2091 306 2151 omnes
332 2065 575 2153 scandalizati
592 2064 742 2152 fuerint
755 2063 798 2150 in
814 2078 882 2167 te,'

107 2208 136 2264 o
162 2209 366 2294 nunquam
391 2177 707 2270 scandalizabor.
737 2163 776 2248 C
812 2182 884 2268 Ait

80 2206 268 2409 diJesusz
294 2280 347 2388 dl*
375 2301 501 2385 Amen
515 2299 606 2385 dico
620 2296 717 2399 tibi,
731 2298 825 2410 quio
839 2298 883 2384 itt

80 2443 131 2499 isc
159 2438 305 2515 nocte,
332 2437 424 2503 ante
452 2445 544 2501 uam
572 2414 701 2528 gallus
725 2434 885 2517 contet,

80 2560 120 2614 er
133 2558 201 2612 me
217 2524 379 2646 negabis
395 2546 409 2615 .'
461 2512 474 2537 “
500 2531 566 2618 Ait
581 2530 639 2616 illi
655 2532 797 2615 Petrus
814 2559 836 2633 :-
853 2518 883 2606 S

80 2646 191 2731 itiam
207 2647 238 2730 si
253 2651 477 2760 oportuerit
506 2675 569 2730 me
599 2646 697 2729 mori
711 2656 885 2748 tecum,

80 2790 142 2846 ton
157 2784 198 2845 te
213 2757 397 2877 negabo.
419 2744 458 2827 C
489 2759 732 2850 Similiter&
746 2787 883 2846 omnes

80 2876 247 2992 [iscipuli
280 2878 465 2965 dixerunt
484 2877 624 2963 .Tunc
651 2881 759 2966 venit
775 2883 885 2989 Jesus

80 3020 159 3076 :um
194 2991 272 3076 illis
309 2995 351 3078 in
389 2996 557 3098 villum,
601 3023 694 3107 quse
738 2993 886 3080 dicitur

80 3102 327 3194 'Jethsemani
342 3170 355 3209 ,
370 3108 411 3191 dt
442 3113 539 3198 dixit
554 3110 754 3228 discipulis
774 3112 887 3195 suist

80 3214 113 3320 ii
139 3223 289 3315 Sedete
304 3223 371 3311 hic
388 3288 401 3334 ,
417 3229 543 3318 donec
556 3229 696 3319 vadem
713 3225 828 3327 illuc,
842 3221 885 3304 dr

688 3368 827 3433 Osem‘·
