2070 3774
277 162 361 278 284
518 156 629 243 Feria
651 178 762 242 senta

220 277 351 380 cula,
385 279 617 378 masculus,
662 275 903 362 anniculus:
932 281 1019 387 juxt

222 421 341 506 quem
369 395 505 494 ritum,
536 391 680 479 tolletin
706 392 748 475 ἃ
774 391 963 476 haedum.
992 394 1027 473 E

14 574 17 603 .
115 600 123 613 ,
220 504 420 597 servabitis
438 537 554 610 eum,
569 534 693 618 usque
709 507 760 594 ad
775 534 951 619 quartam
969 511 1019 594 de

209 625 362 739 ,cimam
392 625 496 711 diem
522 625 665 708 mentis
696 624 814 734 hujus
832 651 843 701 ε
861 623 1022 707 immola

12 814 15 847 ,
72 729 76 737 ’
191 735 354 850 ‘bitque
378 769 470 824 eum
494 740 674 824 universa
700 737 912 822 multitudo
940 737 1027 820 filio

219 879 308 939 rum
327 855 440 940 lsrael
465 853 515 939 ad
545 882 776 968 vesperam.
805 855 856 936 Et
886 879 1028 937 eumen

219 968 268 1053 de
295 969 486 1083 Sanguine
515 975 599 1078 ejus
629 1029 642 1068 ‚
669 999 711 1054 ac
743 990 893 1083 ponent
921 995 1019 1081 supe

221 1105 433 1194 utrumque
450 1107 627 1198 postem,
645 1082 685 1164 &
713 1085 753 1166 in
778 1083 1034 1196 superlimina

218 1195 330 1283 tibus
359 1201 593 1300 domorum,
611 1201 654 1281 in
681 1195 821 1307 quibus
839 1198 1030 1282 comeden

223 1312 360 1395 illum.
389 1315 439 1395 Et
460 1313 577 1399 edent
609 1341 741 1398 carnes
758 1337 872 1397 nocte
905 1312 972 1396 illa
991 1340 1031 1397 as

220 1448 281 1517 tat
298 1428 409 1543 igni:
426 1426 465 1509 ὅ(
482 1457 639 1541 azymos
656 1455 802 1543 penei,
818 1457 909 1511 cum
927 1428 1034 1536 iactu

223 1544 279 1627 eis
308 1541 552 1656 agrestibus.
580 1547 675 1627 Non
693 1542 902 1628 comedetis
932 1573 1035 1628 exet

225 1659 392 1743 crudum
418 1660 542 1770 quid,
569 1689 641 1745 nec
657 1682 812 1743 coctum
828 1688 954 1770 aqua,
977 1688 1035 1745 se«

172 1790 177 1797 ‘
223 1782 376 1861 tantitm
407 1803 536 1859 assum
566 1776 681 1888 igni.
712 1770 847 1885 Caput
864 1803 954 1858 cum
986 1804 1035 1887 pa

226 1885 344 1978 dibus
378 1895 502 2000 ejus,
543 1887 584 1969 ὅ(
616 1890 803 1974 intestinis
831 1886 1021 1974 vorabitis

223 2034 296 2092 nec
327 2003 544 2090 remanebit
580 2004 792 2115 quidquam
819 2034 869 2088 ex
904 2035 953 2088 eo
982 2035 1032 2090 us

225 2146 304 2230 que
334 2118 481 2203 mane.
512 2118 553 2204 Si
578 2119 675 2230 quid
691 2119 890 2204 residuum
905 2118 1030 2206 fuerit

224 2235 319 2349 igne
353 2233 621 2319 comburetis.
650 2235 714 2322 sic
749 2257 879 2320 autem
920 2264 1035 2322 com

225 2351 326 2434 detis
341 2348 451 2433 illum
470 2379 481 2430 ε
499 2352 627 2435 Renes
641 2372 791 2434 vestroe
811 2353 1028 2466 accingetis

225 2463 541 2550 &calceamenta
564 2462 756 2550 habebitis
787 2466 828 2551 in
855 2462 1028 2582 pedibus

225 2600 401 2666 tenentes
431 2579 590 2665 baculos
617 2584 658 2665 in
680 2580 887 2682 manibus,
918 2581 959 2662 ὅ(
991 2614 1032 2669 c·

225 2696 390 2782 medetis
418 2694 673 2783 festinanter:
700 2720 758 2781 est
794 2698 900 2782 enim
926 2699 1035 2786 Phae

226 2810 305 2923 (id
331 2834 389 2904 est
414 2810 636 2927 transitus)
662 2812 863 2899 Domini.

228 2923 316 3005 Hac
334 2922 503 3039 lectione¹
515 2924 670 3029 finitent
689 2922 831 3015 Choro
848 2948 1029 3020 cantatur

257 3036 435 3156 Tractus.
471 3045 589 3161 Eripe
605 3074 669 3132 me
680 3029 906 3148 momine,
921 3036 971 3131 ab
985 3044 1032 3132 h·

226 3159 332 3248 mine
357 3154 525 3281 meletii
550 3165 636 3255 vito
653 3161 788 3276 iniquo
809 3158 933 3248 libera
953 3191 1021 3253 me

817 3270 1000 3434 neni
