2070 3774
328 201 656 292 AdMatutinum
765 221 849 311 341
894 232 919 253 >·

105 317 374 410 consolabatur
403 345 465 404 me
481 312 637 403 evidere
669 314 910 428 omnes‘po⁴

103 437 186 552 puli
202 465 213 515 z
231 440 255 483 ²³
271 437 319 525 Si
345 459 402 521 est
423 432 540 519 dolon
549 429 682 518 similis
695 490 708 532 ,
720 428 821 516 sicut
836 432 911 515 do·

103 554 164 636 lor
194 579 336 638 meus.

102 665 159 773 V.
190 665 228 748 O
258 695 330 750 vos
364 693 523 767 omnes,
550 664 615 776 qui
647 660 813 748 transitis
841 689 913 778 pet
972 730 975 734 .

103 783 206 864 viam
238 785 248 861 !
281 781 490 881 attendite,
519 779 560 860 u
588 780 747 864 videte:
778 777 824 863 Si
856 801 914 866 est

104 896 246 981 dolor.
277 903 331 988 Be.
351 894 637 1009 Caligaverunt
662 893 795 978 oculi.

212 1013 277 1092 IN
308 1014 388 1092 ΙΙΙ.
415 1004 811 1100 NOCTURNO.

104 1132 196 1214 Ant.
222 1125 333 1210 Deus
349 1128 503 1234 adjuvat
519 1154 608 1208 me.
687 1127 825 1212 Psdm.
844 1129 915 1241 53'.

228 1242 332 1338 Eus,
363 1243 403 1324 in
418 1242 572 1325 nomine
589 1263 659 1324 tuo
674 1238 823 1325 smum
849 1269 913 1328 me

227 1353 418 1440 fac=*&in
433 1357 577 1439 virtute
596 1378 662 1441 tua
678 1353 810 1466 judica
820 1383 909 1440 me.

101 1472 221 1551 Deus
250 1530 263 1569 ‚
304 1472 444 1554 exaudi
473 1470 691 1554 orationem
711 1464 926 1561 ·meam:*.

107 1580 264 1666 auribus
281 1587 438 1697 percipe
455 1581 573 1670 verbu
601 1585 679 1668 oris
704 1584 799 1670 mei.

102 1701 313 1810 Quoniam
342 1700 455 1783 alieni
474 1700 761 1785 insurrexerunt
778 1698 915 1788 advet-

104 1820 194 1897 sitm
210 1844 272 1896 me
289 1813 353 1894 εδ(
364 1812 483 1898 fortes
498 1814 735 1926 quaesierunt
750 1817 917 1901 animam
951 1841 962 1856 “

106 1956 232 2012 meam
250 1959 260 2009 ε
278 1925 302 1973 *
315 1927 354 2009 ἃ
369 1957 450 2012 non
469 1953 760 2043 proposuerunt
783 1929 918 2014 Deum

106 2066 194 2128 ante
224 2064 475 2157 conspectum
501 2071 646 2128 suum.
723 2092 725 2097 ·

101 2165 212 2248 Ecce
250 2157 360 2240 wenim
390 2157 501 2241 Deus
530 2159 687 2268 adjuvat
711 2188 775 2244 me
796 2191 806 2241 t
825 2159 850 2210 ’¹‘
875 2160 917 2242 ὅ(

98 2272 301 2364 Dominus
334 2295 533 2384 susceptor
549 2298 608 2358 est
623 2276 769 2356 animm.
790 2303 889 2358 mese
905 2337 917 2370 .

102 2398 251 2477 Averte
301 2387 401 2470 mala
439 2386 612 2470 inimicis
640 2391 737 2480 meis
753 2420 763 2471 ε
782 2389 806 2436 *
821 2387 861 2471 ἃ
877 2394 920 2478 in

105 2501 265 2585 veritate
293 2525 359 2584 tua
384 2501 561 2612 disperde
598 2499 715 2584 illos.
802 2514 805 2519 '
870 2501 877 2518 '

101 2613 346 2707 Voluntarie‘
370 2612 594 2700 sacrificabo
620 2611 713 2698 tibi:
732 2610 812 2698 *ἃ
829 2647 922 2710 con-

106 2725 246 2812 fitebor
285 2730 433 2813 nomini
482 2751 552 2812 tuo
594 2729 793 2832 Domine,
819 2754 920 2843 quo·

107 2841 212 2926 niam
238 2841 388 2937 bonum
417 2865 503 2929 est.

102 2959 315 3072 Quoniam
346 2987 394 3041 ex
420 2959 527 3042 omni
550 2954 797 3044 tribulatione
837 2964 919 3046 eti-

91 3069 227 3179 ⁴puisti
256 3100 318 3154 me
337 3068 384 3151 z*
401 3071 441 3152 ὅ(
469 3099 587 3186 super
612 3073 787 3163 inimicos
813 3101 922 3162 meos

110 3185 286 3298 despexit
315 3187 453 3273 oculus
482 3213 620 3272 meus.
851 3214 857 3221 ·

495 3304 662 3420 ‘P3·
783 3314 863 3418 Ans
