2070 3774
49 182 52 187 '
133 184 137 193 ·
244 185 328 278 310
463 156 573 239 Feria
599 180 705 239 serta

171 268 213 347 in
231 274 360 354 iocum
377 274 562 371 secundi,
576 271 615 349 dr
632 301 705 385 pro
723 269 991 354 eo'sinistrum

174 378 318 485 Crucis
356 385 560 468 brachium
606 410 795 488 tenente,
828 388 896 493 qui
930 414 988 469 se-

173 506 327 587 cundus
358 500 570 603 Sacerdos,
598 526 804 614 postquam
845 498 997 585 adora-¹

172 618 303 717 verit,
330 618 513 701 succedet
541 622 582 701 in
613 619 742 700 iocum
773 617 989 726 Prioris,a

173 740 283 843 parte
328 730 485 817 dextera
517 730 659 816 Crucis
704 731 908 814 brachium
943 756 989 813 te·

173 875 291 946 nens,
317 878 395 931 una
419 878 510 931 cum
534 848 615 932 alio
631 847 841 957 Sacerdote
870 846 915 926 in
941 846 987 927 al·

175 981 267 1045 tero
286 963 403 1048 latere
430 988 638 1065 manente,
667 967 787 1074 ipsam
818 961 989 1046 Crucem

177 1082 228 1163 ad
261 1082 440 1161 osculum
479 1082 654 1163 onmium
688 1080 865 1160 Fratrum
902 1079 989 1160 ado-

178 1195 347 1277 rantium
377 1224 499 1307 usque
536 1198 585 1281 ad
612 1195 728 1277 finem
760 1191 989 1276 adorationis
1020 1294 1024 1301 Ι

171 1311 419 1420 coaptando.
449 1314 549 1395 Haec
579 1307 695 1421 porro
729 1309 906 1392 adoratio
937 1337 991 1389 se·

174 1426 308 1531 quenti
325 1427 462 1509 ordine
480 1426 662 1537 prosequi
683 1421 824 1522 debet,
845 1448 889 1505 ut
909 1442 991 1535 post

178 1538 279 1621 duos
321 1540 547 1625 sacerdotes
577 1600 590 1639 ‚
618 1538 752 1622 adoret
795 1542 995 1622 Diaconos

173 1680 248 1766 pro
262 1656 386 1740 Missa
414 1682 605 1764 notatus:
637 1679 772 1786 postea
796 1655 995 1750 Diaconi,
1029 1722 1031 1775 ;

173 1771 240 1877 qui
286 1794 537 1854 cantaverunt
551 1803 561 1852 ε
576 1772 712 1886 Agros,
724 1798 824 1853 unus
841 1794 933 1884 post
953 1768 996 1851 al·

175 1907 304 1968 terum
324 1884 399 1995 (dt
417 1885 485 1985 hi,
503 1910 707 1999 postquam
726 1886 996 1985 adoraverint,
1027 1888 1031 2009 j

177 2000 216 2081 in
235 2001 454 2083 Sacristiatn
486 2001 693 2102 secedent,
715 2029 846 2085 sacras
875 2025 998 2086 vestet

175 2116 430 2226 deposituri)
454 2142 543 2228 post
570 2116 767 2201 Diaconos
781 2142 998 2229 sequentur

176 2226 445 2312 Subdiaconus
460 2232 669 2343 proiidissa
688 2256 878 2334 notatus,
896 2240 997 2323 Aco-

175 2340 300 2450 iydri,
332 2345 370 2424 dt
395 2348 556 2429 demum
581 2371 671 2460 post
689 2349 895 2435 Ministros
927 2382 996 2437 cae

174 2458 247 2541 teri
278 2489 415 2545 omnes
446 2463 597 2549 Fratres
626 2464 848 2550 secundnm
895 2469 1012 2555 ordi·

174 2603 265 2656 nem
300 2581 494 2688 graduum
511 2607 702 2681 suorum,
729 2580 997 2694 incipiendoit

173 2693 387 2799 majoribus
419 2755 431 2793 ,
473 2696 690 2779 alternatim
734 2698 997 2807 procedentes

173 2802 220 2888 ab
250 2807 386 2893 ultima
418 2813 530 2921 spatii
574 2813 815 2896 extremitate
859 2822 997 2897 versus

177 2918 378 3026 Crucem,
408 2954 455 3010 eo
480 2928 559 3008 ritu
584 2986 597 3028 ‚
623 2928 800 3025 ordine,
831 2957 876 3011 ac
906 2959 996 3013 suc·

174 3040 357 3124 cessionis
388 3040 590 3143 distantia,
618 3073 696 3155 quo
715 3044 765 3124 de
783 3044 919 3131 Priore
938 3076 993 3128 su-

171 3184 243 3269 pra
273 3158 423 3244 dictum
456 3184 554 3267 est,
580 3159 687 3249 illam
721 3161 889 3247 adorent
916 3221 929 3261 ‚
956 3158 992 3240 a

839 3278 940 3365 deo-
1027 3364 1031 3413 Ι
