2070 3774
219 189 305 277 250
449 153 563 247 Perta
576 178 687 249 sexta

160 273 312 367 Averte
342 270 443 367 maia
470 278 636 364 inimicis
664 279 789 364 meis:
807 280 832 328 *
863 283 904 366 dr
934 285 976 379 in

161 402 324 484 veritate
356 421 425 482 tua
453 397 630 512 disperde
661 397 775 481 illos.

159 509 400 602 Voluntati&
418 511 645 601 sacrificabo
672 511 742 599 tibi
758 543 769 596 z
784 515 808 562 '¹‘
824 514 863 597 ὅ(
878 548 978 604 con·

163 629 306 718 fitebor
334 633 484 718 nomini
523 654 619 734 tuo,
646 630 849 736 Domine,
875 663 978 746 quo-

46 774 73 809 ··
165 750 271 834 niam
294 747 445 834 bonum
474 772 562 835 est.

163 858 368 971 Quoniam
397 896 446 952 ex
472 865 581 951 omni
613 861 865 950 tribulatione
899 870 980 952 eri-

166 983 285 1099 puisti
310 1011 371 1067 me
389 1015 400 1065 :
415 980 493 1065 *ἃ
509 1010 628 1099 super
664 981 843 1066 inimicos
856 1013 981 1072 ,meos

167 1100 344 1212 despexit
374 1100 511 1183 oculus
538 1127 673 1211 meus.

165 1212 330 1326 Antiph.
359 1214 484 1299 Alieni
500 1217 795 1300 insurrexerunt
822 1214 863 1298 in
893 1244 984 1318 me,

170 1326 211 1409 u
228 1324 348 1414 fortes
364 1334 605 1441 quesierunt
631 1333 798 1418 animum
828 1360 982 1418 meam.

167 1440 226 1548 V.
257 1444 318 1531 Ab
349 1447 639 1563 insurgentibus
668 1448 710 1531 in
735 1479 822 1534 me.

170 1561 225 1653 Bt.
258 1560 404 1647 Libera
435 1594 524 1668 me,
552 1565 753 1652 Domine.

255 1677 395 1763 Sermo
426 1681 557 1770 Sancti
585 1680 731 1791 Leonis
761 1683 902 1808 Papae.

344 1792 473 1881 serm.
488 1796 595 1881 8.de
609 1796 811 1889 Passione.

428 1973 432 1978 -
475 1910 614 2000 Lectio
630 1912 686 1998 iv.

275 2025 355 2112 Urn
381 2027 510 2116 verbis
536 2029 720 2115 orationis
744 2050 827 2111 sure
845 2022 992 2105 Domi²

298 2174 372 2230 nus
389 2148 643 2247 declarasset,
671 2138 870 2228 verissime
888 2135 990 2237 sibi,

177 2281 292 2368 atque
305 2260 600 2374 pienissime,&
616 2261 849 2356 humanans,
867 2253 908 2335 ὅ(
928 2255 992 2336 di·

177 2373 309 2456 vinam
341 2377 465 2463 inesse
497 2400 676 2464 naturam
707 2405 722 2477 3
753 2371 996 2471 ostendens,

177 2490 282 2573 unde
307 2519 407 2578 esset
422 2555 434 2594 ‚
451 2495 559 2603 quod
573 2493 653 2605 pati
668 2488 823 2596 nollet,
850 2485 891 2566 ds
913 2515 994 2571 un-

179 2604 253 2707 de,
280 2609 388 2719 quod
401 2609 542 2713 veliet,
570 2608 731 2721 depulsa
762 2602 994 2716 trepidatio-

150 2750 225 2833 ne
268 2725 497 2810 infirmitatis
528 2789 540 2827 ,
570 2722 610 2804 8(
640 2722 867 2808 confirmata
907 2749 995 2803 rna-

177 2841 431 2949 gnaninrirate
462 2841 656 2943 virtutis,
688 2836 803 2923 rediit
830 2833 871 2915 in
902 2861 1022 2941 sens

136 3027 139 3033 ,
175 2956 336 3039 rentium
350 2984 433 3039 suae
447 2954 712 3073 dispositionis
727 2975 993 3039 aeternae2soc·

177 3070 297 3152 vienti
328 3071 484 3159 diabolo
505 3102 576 3188 per
604 3069 818 3154 ministeria
834 3065 996 3176 Judceo-

171 3212 285 3290 rum,
301 3183 468 3282 formam
483 3193 583 3277 servi
612 3186 717 3275 nibil
744 3183 897 3379 peccgti
915 3181 988 3268 ha-

863 3327 936 3383 en-
