2070 3774
114 42 125 83 Ι

329 182 392 268 Ad
403 182 598 269 Missam}
748 228 831 317 3¹3

84 314 261 429 Quando
285 316 395 400 venit
420 338 520 430 ergo
546 315 644 401 sacti
760 406 765 414 ,

134 433 344 518 Plenitudo
361 434 572 544 temporis,

134 551 281 632 Missus
311 569 368 630 est
385 545 432 629 ab
462 577 551 631 arce
569 547 693 631 Patris

132 665 255 746 Natus
285 659 389 746 orbis
422 662 631 746 conditor·

136 781 193 861 Ac
227 780 274 861 de
305 800 439 862 ventre
467 776 679 890 virginali,

139 890 246 977 Caro
278 889 402 975 factus
422 893 637 1004 ,prodiit.

84 1004 188 1092 Va
180 1030 210 1090 tt
247 1006 414 1090 infans
405 1030 505 1090 inter
538 1034 641 1093 arcta

140 1033 337 1205 &ondins
364 1124 581 1252 praesepia·

137 1235 319 1322 Membra
334 1237 470 1350 pannis
499 1235 670 1322 involuta
804 1326 808 1343 f

140 1354 271 1465 Virgo
300 1351 434 1434 Mater
466 1351 624 1466 alligat,

143 1468 194 1549 Et
219 1495 354 1549 manus
383 1467 608 1579 pedesque,
636 1466 678 1550 δι
702 1493 844 1574 crura,
935 1476 938 1481 ’

145 1580 348 1667 Stricta
316 1582 440 1696 cingit
469 1581 615 1670 fascia.

93 1693 248 1781 Lustris
277 1724 369 1795 sex,
398 1699 491 1806 qui,
520 1704 598 1809 jam
623 1699 788 1813 peractis

145 1811 320 1924 Tempus
339 1756 504 1926 iinplens
533 1814 733 1925 corporis,

147 1924 198 2010 Se
227 1926 412 2026 volente,
438 1949 551 2013 natus
566 1929 617 2014 ad
632 1929 731 2015 hoc·
825 1980 828 1987 ,

148 2043 318 2124 Passioni
348 2039 530 2144 deditus,

147 2156 323 2270 Agnus
314 2187 355 2240 111
383 2153 516 2240 Cruce
544 2157 722 2261 levatur,
823 2206 827 2221 =

153 2271 414 2357 lmmolandua
443 2273 602 2386 stipite.

98 2379 186 2466 Hic
215 2409 392 2485 acetum,
419 2383 503 2487 fel,
530 2388 709 2491 arund0,

154 2498 315 2611 Spina,
343 2447 467 2600 clivi,
489 2447 652 2586 iancea:

153 2615 253 2699 Mite
280 2642 419 2729 corpus
436 2560 681 2728 senioratus,

155 2729 323 2843 Sanguis
358 2732 466 2815 tanda
494 2727 684 2843 profluit,

156 2843 311 2946 Terra,
338 2867 508 2956 pontus,
535 2867 664 2947 astra,
689 2845 860 2933 mundus
872 2903 888 2947 ,

158 2953 254 3064 Quo
280 2905 457 3044 livantur
481 2953 668 3046 flumine.

103 3065 137 3153 f
143 3068 241 3155 lec
220 3099 400 3159 eramos
430 3066 547 3158 arbor
572 3075 668 3178 alta,

159 3187 293 3292 Tensa
320 3189 404 3275 laxa
437 3188 616 3299 viscera,

504 3298 546 3385 0
811 3293 862 3386 Et
