<?xml version="1.0" encoding="UTF-8"?>
<!DOCTYPE html PUBLIC "-//W3C//DTD XHTML 1.0 Transitional//EN"
    "http://www.w3.org/TR/xhtml1/DTD/xhtml1-transitional.dtd">
<html xmlns="http://www.w3.org/1999/xhtml" xml:lang="en" lang="en">
 <head>
  <title>
</title>
<meta http-equiv="Content-Type" content="text/html;charset=utf-8" />
  <meta name='ocr-system' content='tesseract 3.04.00' />
  <meta name='ocr-capabilities' content='ocr_page ocr_carea ocr_par ocr_line ocrx_word'/>
</head>
<body>
  <div class='ocr_page' id='page_1' title='image "./officiumhebdoma00churgoog/officiumhebdoma00churgoog_0058.png"; bbox 0 0 2070 3774; ppageno 0'>
   <div class='ocr_carea' id='block_1_1' title="bbox 76 181 843 3386">
    <p class='ocr_par' dir='ltr' id='par_1_1' title="bbox 76 181 843 3385">
     <span class='ocr_line' id='line_1_1' title="bbox 200 181 770 293; baseline -0.004 -25"><span class='ocrx_word' id='word_1_1' title='bbox 200 181 421 271; x_wconf 79' lang='lat' dir='ltr'>secundom</span> <span class='ocrx_word' id='word_1_2' title='bbox 435 182 642 269; x_wconf 56' lang='lat' dir='ltr'>Marcumr·</span> <span class='ocrx_word' id='word_1_3' title='bbox 719 208 770 293; x_wconf 80' lang='lat'>51</span> 
     </span>
     <span class='ocr_line' id='line_1_2' title="bbox 76 287 832 415; baseline -0.001 -32"><span class='ocrx_word' id='word_1_4' title='bbox 76 299 165 383; x_wconf 76' lang='lat' dir='ltr'>rit.</span> <span class='ocrx_word' id='word_1_5' title='bbox 193 287 246 382; x_wconf 85' lang='lat' dir='ltr'>Er</span> <span class='ocrx_word' id='word_1_6' title='bbox 266 317 356 412; x_wconf 87' lang='lat' dir='ltr'>post</span> <span class='ocrx_word' id='word_1_7' title='bbox 381 296 588 415; x_wconf 86' lang='lat' dir='ltr'>pusillum,</span> <span class='ocrx_word' id='word_1_8' title='bbox 610 323 747 384; x_wconf 87' lang='lat' dir='ltr'>rursus</span> <span class='ocrx_word' id='word_1_9' title='bbox 764 301 832 412; x_wconf 91' lang='lat' dir='ltr'>qui</span> 
     </span>
     <span class='ocr_line' id='line_1_3' title="bbox 76 409 835 516; baseline 0.008 -21"><span class='ocrx_word' id='word_1_10' title='bbox 76 413 227 516; x_wconf 82' lang='lat' dir='ltr'>abant,</span> <span class='ocrx_word' id='word_1_11' title='bbox 241 409 422 499; x_wconf 87' lang='lat' dir='ltr'>dicebant</span> <span class='ocrx_word' id='word_1_12' title='bbox 432 417 575 499; x_wconf 87' lang='lat' dir='ltr'>Petro:</span> <span class='ocrx_word' id='word_1_13' title='bbox 607 410 759 505; x_wconf 71' lang='lat' dir='ltr'>svers</span> <span class='ocrx_word' id='word_1_14' title='bbox 785 445 835 500; x_wconf 84' lang='lat' dir='ltr'>ex</span> 
     </span>
     <span class='ocr_line' id='line_1_4' title="bbox 76 524 836 618; baseline -0.001 -4"><span class='ocrx_word' id='word_1_15' title='bbox 76 558 100 614; x_wconf 88' lang='lat' dir='ltr'>s</span> <span class='ocrx_word' id='word_1_16' title='bbox 116 557 287 617; x_wconf 77' lang='lat' dir='ltr'>esanam</span> <span class='ocrx_word' id='word_1_17' title='bbox 299 529 340 612; x_wconf 78' lang='grc' dir='ltr'>ἅ</span> <span class='ocrx_word' id='word_1_18' title='bbox 355 528 545 617; x_wconf 84' lang='lat' dir='ltr'>Galilaeus</span> <span class='ocrx_word' id='word_1_19' title='bbox 561 560 618 616; x_wconf 85' lang='lat' dir='ltr'>es.</span> <span class='ocrx_word' id='word_1_20' title='bbox 637 532 675 618; x_wconf 91' lang='lat' dir='ltr'>C</span> <span class='ocrx_word' id='word_1_21' title='bbox 690 524 757 611; x_wconf 93' lang='lat' dir='ltr'>llle</span> <span class='ocrx_word' id='word_1_22' title='bbox 772 558 836 613; x_wconf 81' lang='lat' dir='ltr'>au</span> 
     </span>
     <span class='ocr_line' id='line_1_5' title="bbox 76 645 833 760; baseline -0.004 -29"><span class='ocrx_word' id='word_1_23' title='bbox 76 647 245 760; x_wconf 85' lang='lat' dir='ltr'>ncoepit</span> <span class='ocrx_word' id='word_1_24' title='bbox 259 645 583 733; x_wconf 72' lang='lat' dir='ltr'>anthematizet-e</span> <span class='ocrx_word' id='word_1_25' title='bbox 596 708 609 749; x_wconf 86' lang='lat'>‚</span> <span class='ocrx_word' id='word_1_26' title='bbox 624 645 664 728; x_wconf 77' lang='lat' dir='ltr'>dt</span> <span class='ocrx_word' id='word_1_27' title='bbox 678 649 833 756; x_wconf 77' lang='lat' dir='ltr'>jurare:</span> 
     </span>
     <span class='ocr_line' id='line_1_6' title="bbox 76 762 836 872; baseline -0.005 -25"><span class='ocrx_word' id='word_1_28' title='bbox 76 763 116 849; x_wconf 84' lang='lat' dir='ltr'>ia</span> <span class='ocrx_word' id='word_1_29' title='bbox 140 764 276 849; x_wconf 83' lang='lat' dir='ltr'>nescio</span> <span class='ocrx_word' id='word_1_30' title='bbox 312 762 512 847; x_wconf 74' lang='lat' dir='ltr'>hortunam</span> <span class='ocrx_word' id='word_1_31' title='bbox 544 765 686 863; x_wconf 85' lang='lat' dir='ltr'>istum,</span> <span class='ocrx_word' id='word_1_32' title='bbox 717 788 836 872; x_wconf 87' lang='lat' dir='ltr'>quern</span> 
     </span>
     <span class='ocr_line' id='line_1_7' title="bbox 76 878 836 993; baseline -0.005 -29"><span class='ocrx_word' id='word_1_33' title='bbox 76 880 183 965; x_wconf 66' lang='lat' dir='ltr'>:itis</span> <span class='ocrx_word' id='word_1_34' title='bbox 203 880 254 964; x_wconf 89' lang='lat' dir='ltr'>Et</span> <span class='ocrx_word' id='word_1_35' title='bbox 278 879 409 963; x_wconf 86' lang='lat' dir='ltr'>statim</span> <span class='ocrx_word' id='word_1_36' title='bbox 426 878 554 993; x_wconf 81' lang='lat' dir='ltr'>gallus</span> <span class='ocrx_word' id='word_1_37' title='bbox 584 881 725 965; x_wconf 87' lang='lat' dir='ltr'>iterum</span> <span class='ocrx_word' id='word_1_38' title='bbox 742 905 836 961; x_wconf 86' lang='lat' dir='ltr'>can-</span> 
     </span>
     <span class='ocr_line' id='line_1_8' title="bbox 76 993 835 1080; baseline -0.005 0"><span class='ocrx_word' id='word_1_39' title='bbox 76 993 155 1080; x_wconf 81' lang='lat' dir='ltr'>tit.</span> <span class='ocrx_word' id='word_1_40' title='bbox 183 994 232 1078; x_wconf 86' lang='lat' dir='ltr'>Et</span> <span class='ocrx_word' id='word_1_41' title='bbox 255 993 485 1079; x_wconf 83' lang='lat' dir='ltr'>recordatus</span> <span class='ocrx_word' id='word_1_42' title='bbox 510 1016 568 1079; x_wconf 85' lang='lat' dir='ltr'>est</span> <span class='ocrx_word' id='word_1_43' title='bbox 582 998 720 1080; x_wconf 87' lang='lat' dir='ltr'>Petrus</span> <span class='ocrx_word' id='word_1_44' title='bbox 743 1020 835 1077; x_wconf 85' lang='lat' dir='ltr'>ver-</span> 
     </span>
     <span class='ocr_line' id='line_1_9' title="bbox 78 1108 835 1221; baseline -0.004 -27"><span class='ocrx_word' id='word_1_45' title='bbox 78 1108 218 1221; x_wconf 86' lang='lat' dir='ltr'>‚quod</span> <span class='ocrx_word' id='word_1_46' title='bbox 238 1108 389 1196; x_wconf 86' lang='lat' dir='ltr'>dixerat</span> <span class='ocrx_word' id='word_1_47' title='bbox 399 1110 438 1195; x_wconf 86' lang='lat' dir='ltr'>ei</span> <span class='ocrx_word' id='word_1_48' title='bbox 454 1114 562 1220; x_wconf 87' lang='lat' dir='ltr'>Jesus</span> <span class='ocrx_word' id='word_1_49' title='bbox 581 1112 835 1219; x_wconf 87' lang='lat' dir='ltr'>:Priusquam</span> 
     </span>
     <span class='ocr_line' id='line_1_10' title="bbox 76 1222 837 1341; baseline -0.001 -33"><span class='ocrx_word' id='word_1_50' title='bbox 76 1225 153 1310; x_wconf 88' lang='lat' dir='ltr'>llus</span> <span class='ocrx_word' id='word_1_51' title='bbox 170 1247 300 1311; x_wconf 85' lang='lat' dir='ltr'>cantet</span> <span class='ocrx_word' id='word_1_52' title='bbox 311 1224 399 1325; x_wconf 83' lang='lat' dir='ltr'>bis,</span> <span class='ocrx_word' id='word_1_53' title='bbox 416 1248 551 1311; x_wconf 89' lang='lat' dir='ltr'>terme</span> <span class='ocrx_word' id='word_1_54' title='bbox 579 1222 740 1341; x_wconf 81' lang='lat' dir='ltr'>negabis</span> <span class='ocrx_word' id='word_1_55' title='bbox 758 1283 769 1305; x_wconf 90' lang='lat'><strong>.</strong></span> <span class='ocrx_word' id='word_1_56' title='bbox 785 1228 837 1308; x_wconf 83' lang='lat' dir='ltr'>Et</span> 
     </span>
     <span class='ocr_line' id='line_1_11' title="bbox 76 1338 837 1458; baseline -0.003 -31"><span class='ocrx_word' id='word_1_57' title='bbox 76 1342 149 1458; x_wconf 66' lang='lat' dir='ltr'>epit</span> <span class='ocrx_word' id='word_1_58' title='bbox 165 1338 261 1425; x_wconf 88' lang='lat' dir='ltr'>llere</span> <span class='ocrx_word' id='word_1_59' title='bbox 279 1356 288 1424; x_wconf 67' lang='grc' dir='ltr'><em>ζ</em></span> <span class='ocrx_word' id='word_1_60' title='bbox 304 1341 356 1423; x_wconf 87' lang='lat' dir='ltr'>Et</span> <span class='ocrx_word' id='word_1_61' title='bbox 373 1338 576 1426; x_wconf 79' lang='lat' dir='ltr'><strong>confestim</strong></span> <span class='ocrx_word' id='word_1_62' title='bbox 604 1371 716 1429; x_wconf 90' lang='lat' dir='ltr'>mane</span> <span class='ocrx_word' id='word_1_63' title='bbox 743 1367 837 1425; x_wconf 88' lang='lat' dir='ltr'>con·</span> 
     </span>
     <span class='ocr_line' id='line_1_12' title="bbox 76 1453 836 1548; baseline -0.004 -7"><span class='ocrx_word' id='word_1_64' title='bbox 76 1461 155 1541; x_wconf 82' lang='lat' dir='ltr'>ium</span> <span class='ocrx_word' id='word_1_65' title='bbox 191 1454 379 1543; x_wconf 72' lang='lat' dir='ltr'>facientes</span> <span class='ocrx_word' id='word_1_66' title='bbox 410 1459 561 1548; x_wconf 82' lang='lat' dir='ltr'>Summi</span> <span class='ocrx_word' id='word_1_67' title='bbox 604 1453 836 1542; x_wconf 76' lang='lat' dir='ltr'>Sacerdotes</span> 
     </span>
     <span class='ocr_line' id='line_1_13' title="bbox 76 1566 838 1677; baseline -0.008 -18"><span class='ocrx_word' id='word_1_68' title='bbox 76 1603 114 1659; x_wconf 85' lang='lat' dir='ltr'>rn</span> <span class='ocrx_word' id='word_1_69' title='bbox 142 1568 401 1677; x_wconf 77' lang='lat' dir='ltr'>Senioribus,</span> <span class='ocrx_word' id='word_1_70' title='bbox 428 1570 470 1653; x_wconf 80' lang='lat' dir='ltr'>dt</span> <span class='ocrx_word' id='word_1_71' title='bbox 489 1568 662 1671; x_wconf 79' lang='lat' dir='ltr'>Scribis,</span> <span class='ocrx_word' id='word_1_72' title='bbox 688 1566 729 1650; x_wconf 79' lang='grc' dir='ltr'>δι</span> <span class='ocrx_word' id='word_1_73' title='bbox 746 1569 838 1653; x_wconf 91' lang='lat' dir='ltr'>uni·</span> 
     </span>
     <span class='ocr_line' id='line_1_14' title="bbox 76 1682 836 1796; baseline -0.009 -19"><span class='ocrx_word' id='word_1_74' title='bbox 76 1716 141 1777; x_wconf 83' lang='lat' dir='ltr'>rso</span> <span class='ocrx_word' id='word_1_75' title='bbox 151 1682 590 1786; x_wconf 74' lang='lat' dir='ltr'>Cbncilio‚vincientes</span> <span class='ocrx_word' id='word_1_76' title='bbox 604 1691 752 1796; x_wconf 72' lang='lat' dir='ltr'>lesum,</span> <span class='ocrx_word' id='word_1_77' title='bbox 767 1683 836 1770; x_wconf 85' lang='lat' dir='ltr'>du.</span> 
     </span>
     <span class='ocr_line' id='line_1_15' title="bbox 76 1801 839 1905; baseline -0.009 -14"><span class='ocrx_word' id='word_1_78' title='bbox 76 1826 195 1905; x_wconf 87' lang='lat' dir='ltr'>tunt,</span> <span class='ocrx_word' id='word_1_79' title='bbox 209 1801 251 1885; x_wconf 81' lang='lat' dir='ltr'>dt</span> <span class='ocrx_word' id='word_1_80' title='bbox 272 1801 514 1889; x_wconf 82' lang='lat' dir='ltr'>tradiderunt</span> <span class='ocrx_word' id='word_1_81' title='bbox 527 1802 680 1887; x_wconf 86' lang='lat' dir='ltr'>Pilato.</span> <span class='ocrx_word' id='word_1_82' title='bbox 707 1804 757 1883; x_wconf 86' lang='lat' dir='ltr'>Et</span> <span class='ocrx_word' id='word_1_83' title='bbox 782 1802 839 1884; x_wconf 89' lang='lat' dir='ltr'>in-</span> 
     </span>
     <span class='ocr_line' id='line_1_16' title="bbox 76 1915 839 2035; baseline -0.005 -30"><span class='ocrx_word' id='word_1_84' title='bbox 76 1919 249 2035; x_wconf 71' lang='lat' dir='ltr'>rogavit</span> <span class='ocrx_word' id='word_1_85' title='bbox 265 1948 355 2004; x_wconf 87' lang='lat' dir='ltr'>eum</span> <span class='ocrx_word' id='word_1_86' title='bbox 372 1918 542 2005; x_wconf 78' lang='lat' dir='ltr'>Pilatus:</span> <span class='ocrx_word' id='word_1_87' title='bbox 566 1925 594 2012; x_wconf 82' lang='lat' dir='ltr'>S</span> <span class='ocrx_word' id='word_1_88' title='bbox 609 1915 677 2001; x_wconf 90' lang='lat' dir='ltr'>Tu</span> <span class='ocrx_word' id='word_1_89' title='bbox 692 1942 736 1998; x_wconf 88' lang='lat' dir='ltr'>es</span> <span class='ocrx_word' id='word_1_90' title='bbox 752 1917 839 2001; x_wconf 75' lang='lat' dir='ltr'>Rex</span> 
     </span>
     <span class='ocr_line' id='line_1_17' title="bbox 76 2029 841 2146; baseline -0.008 -27"><span class='ocrx_word' id='word_1_91' title='bbox 76 2032 293 2123; x_wconf 69' lang='lat' dir='ltr'>dacorum?</span> <span class='ocrx_word' id='word_1_92' title='bbox 311 2035 350 2120; x_wconf 94' lang='lat' dir='ltr'>C</span> <span class='ocrx_word' id='word_1_93' title='bbox 369 2036 420 2116; x_wconf 85' lang='lat' dir='ltr'>At</span> <span class='ocrx_word' id='word_1_94' title='bbox 433 2034 500 2119; x_wconf 90' lang='lat' dir='ltr'>ille</span> <span class='ocrx_word' id='word_1_95' title='bbox 515 2029 841 2146; x_wconf 61' lang='lat' dir='ltr'>responderant</span> 
     </span>
     <span class='ocr_line' id='line_1_18' title="bbox 76 2141 841 2257; baseline -0.009 -22"><span class='ocrx_word' id='word_1_96' title='bbox 76 2150 115 2237; x_wconf 78' lang='lat' dir='ltr'>is</span> <span class='ocrx_word' id='word_1_97' title='bbox 223 2148 294 2232; x_wconf 86' lang='lat' dir='ltr'>Tu</span> <span class='ocrx_word' id='word_1_98' title='bbox 321 2146 447 2236; x_wconf 84' lang='lat' dir='ltr'>dicis.</span> <span class='ocrx_word' id='word_1_99' title='bbox 476 2153 516 2237; x_wconf 89' lang='lat' dir='ltr'>C</span> <span class='ocrx_word' id='word_1_100' title='bbox 543 2152 594 2232; x_wconf 87' lang='lat' dir='ltr'>Et</span> <span class='ocrx_word' id='word_1_101' title='bbox 607 2141 841 2257; x_wconf 80' lang='lat' dir='ltr'>accusabant</span> 
     </span>
     <span class='ocr_line' id='line_1_19' title="bbox 76 2261 839 2351; baseline -0.014 0"><span class='ocrx_word' id='word_1_102' title='bbox 76 2294 120 2351; x_wconf 88' lang='lat' dir='ltr'><strong>m</strong></span> <span class='ocrx_word' id='word_1_103' title='bbox 179 2263 299 2348; x_wconf 87' lang='lat' dir='ltr'>ununi</span> <span class='ocrx_word' id='word_1_104' title='bbox 332 2261 564 2349; x_wconf 79' lang='lat' dir='ltr'>Sacerdotes</span> <span class='ocrx_word' id='word_1_105' title='bbox 608 2263 651 2345; x_wconf 92' lang='lat' dir='ltr'>in</span> <span class='ocrx_word' id='word_1_106' title='bbox 677 2261 839 2344; x_wconf 87' lang='lat' dir='ltr'>multis.</span> 
     </span>
     <span class='ocr_line' id='line_1_20' title="bbox 76 2375 841 2489; baseline -0.009 -24"><span class='ocrx_word' id='word_1_107' title='bbox 76 2382 174 2467; x_wconf 85' lang='lat' dir='ltr'>latus</span> <span class='ocrx_word' id='word_1_108' title='bbox 208 2399 338 2464; x_wconf 89' lang='lat' dir='ltr'>autem</span> <span class='ocrx_word' id='word_1_109' title='bbox 375 2405 538 2462; x_wconf 87' lang='lat' dir='ltr'>rursum</span> <span class='ocrx_word' id='word_1_110' title='bbox 581 2375 841 2489; x_wconf 85' lang='lat' dir='ltr'>interrogavit</span> 
     </span>
     <span class='ocr_line' id='line_1_21' title="bbox 76 2490 843 2608; baseline -0.01 -25"><span class='ocrx_word' id='word_1_111' title='bbox 76 2526 144 2599; x_wconf 86' lang='lat' dir='ltr'>m,</span> <span class='ocrx_word' id='word_1_112' title='bbox 160 2495 294 2580; x_wconf 87' lang='lat' dir='ltr'>dicens</span> <span class='ocrx_word' id='word_1_113' title='bbox 308 2500 362 2591; x_wconf 83' lang='lat' dir='ltr'>:S</span> <span class='ocrx_word' id='word_1_114' title='bbox 391 2493 486 2577; x_wconf 87' lang='lat' dir='ltr'>Non</span> <span class='ocrx_word' id='word_1_115' title='bbox 501 2491 713 2608; x_wconf 83' lang='lat' dir='ltr'>respondes</span> <span class='ocrx_word' id='word_1_116' title='bbox 730 2490 843 2600; x_wconf 89' lang='lat' dir='ltr'>quid-</span> 
     </span>
     <span class='ocr_line' id='line_1_22' title="bbox 76 2609 840 2718; baseline -0.01 -21"><span class='ocrx_word' id='word_1_117' title='bbox 76 2642 146 2697; x_wconf 82' lang='lat' dir='ltr'>um</span> <span class='ocrx_word' id='word_1_118' title='bbox 163 2611 185 2697; x_wconf 77' lang='lat'><em>2</em></span> <span class='ocrx_word' id='word_1_119' title='bbox 201 2610 305 2694; x_wconf 86' lang='lat' dir='ltr'>Vide</span> <span class='ocrx_word' id='word_1_120' title='bbox 320 2669 335 2709; x_wconf 81' lang='lat'><strong><em>‚</em></strong></span> <span class='ocrx_word' id='word_1_121' title='bbox 349 2609 390 2692; x_wconf 90' lang='lat' dir='ltr'>in</span> <span class='ocrx_word' id='word_1_122' title='bbox 407 2609 559 2718; x_wconf 90' lang='lat' dir='ltr'>quantis</span> <span class='ocrx_word' id='word_1_123' title='bbox 574 2632 614 2693; x_wconf 91' lang='lat' dir='ltr'>te</span> <span class='ocrx_word' id='word_1_124' title='bbox 632 2626 840 2697; x_wconf 87' lang='lat' dir='ltr'>accusant.</span> 
     </span>
     <span class='ocr_line' id='line_1_23' title="bbox 92 2721 839 2841; baseline -0.011 -27"><span class='ocrx_word' id='word_1_125' title='bbox 92 2734 206 2841; x_wconf 83' lang='lat' dir='ltr'>Jesus</span> <span class='ocrx_word' id='word_1_126' title='bbox 231 2748 359 2810; x_wconf 88' lang='lat' dir='ltr'>autem</span> <span class='ocrx_word' id='word_1_127' title='bbox 378 2723 542 2837; x_wconf 85' lang='lat' dir='ltr'>amplius</span> <span class='ocrx_word' id='word_1_128' title='bbox 566 2721 665 2807; x_wconf 93' lang='lat' dir='ltr'>nihil</span> <span class='ocrx_word' id='word_1_129' title='bbox 681 2748 839 2835; x_wconf 87' lang='lat' dir='ltr'>respon-</span> 
     </span>
     <span class='ocr_line' id='line_1_24' title="bbox 76 2836 843 2949; baseline -0.009 -20"><span class='ocrx_word' id='word_1_130' title='bbox 76 2867 131 2949; x_wconf 86' lang='lat' dir='ltr'>t,</span> <span class='ocrx_word' id='word_1_131' title='bbox 162 2842 291 2926; x_wconf 86' lang='lat' dir='ltr'>itaut</span> <span class='ocrx_word' id='word_1_132' title='bbox 321 2841 529 2922; x_wconf 87' lang='lat' dir='ltr'>miraretur</span> <span class='ocrx_word' id='word_1_133' title='bbox 563 2836 733 2923; x_wconf 84' lang='lat' dir='ltr'>Pilatus.</span> <span class='ocrx_word' id='word_1_134' title='bbox 766 2839 843 2922; x_wconf 86' lang='lat' dir='ltr'>Pet</span> 
     </span>
     <span class='ocr_line' id='line_1_25' title="bbox 76 2948 841 3059; baseline -0.012 -11"><span class='ocrx_word' id='word_1_135' title='bbox 76 2990 137 3048; x_wconf 83' lang='lat' dir='ltr'>em</span> <span class='ocrx_word' id='word_1_136' title='bbox 155 2979 287 3043; x_wconf 88' lang='lat' dir='ltr'>autem</span> <span class='ocrx_word' id='word_1_137' title='bbox 302 2952 444 3039; x_wconf 84' lang='lat' dir='ltr'>festum</span> <span class='ocrx_word' id='word_1_138' title='bbox 475 2948 622 3059; x_wconf 88' lang='lat' dir='ltr'>solebat</span> <span class='ocrx_word' id='word_1_139' title='bbox 649 2953 841 3039; x_wconf 87' lang='lat' dir='ltr'>dimittere</span> 
     </span>
     <span class='ocr_line' id='line_1_26' title="bbox 76 3068 840 3182; baseline -0.018 -17"><span class='ocrx_word' id='word_1_140' title='bbox 76 3077 106 3165; x_wconf 86' lang='lat' dir='ltr'>is</span> <span class='ocrx_word' id='word_1_141' title='bbox 134 3101 260 3159; x_wconf 87' lang='lat' dir='ltr'>unum</span> <span class='ocrx_word' id='word_1_142' title='bbox 290 3098 339 3157; x_wconf 85' lang='lat' dir='ltr'>ex</span> <span class='ocrx_word' id='word_1_143' title='bbox 363 3068 531 3173; x_wconf 85' lang='lat' dir='ltr'>vinctis,</span> <span class='ocrx_word' id='word_1_144' title='bbox 556 3095 840 3182; x_wconf 87' lang='lat' dir='ltr'>quemcumque</span> 
     </span>
     <span class='ocr_line' id='line_1_27' title="bbox 76 3179 842 3385; baseline -0.009 -111"><span class='ocrx_word' id='word_1_145' title='bbox 76 3194 263 3281; x_wconf 81' lang='lat' dir='ltr'>tiissent.</span> <span class='ocrx_word' id='word_1_146' title='bbox 290 3189 382 3273; x_wconf 86' lang='lat' dir='ltr'>Erat</span> <span class='ocrx_word' id='word_1_147' title='bbox 412 3206 564 3385; x_wconf 54' lang='lat' dir='ltr'>argent,</span> <span class='ocrx_word' id='word_1_148' title='bbox 588 3185 655 3299; x_wconf 91' lang='lat' dir='ltr'>qui</span> <span class='ocrx_word' id='word_1_149' title='bbox 686 3179 842 3271; x_wconf 83' lang='lat' dir='ltr'>diceba-</span> 
     </span>
    </p>

    <p class='ocr_par' dir='ltr' id='par_1_2' title="bbox 508 3321 786 3386">
     <span class='ocr_line' id='line_1_28' title="bbox 508 3321 786 3386; baseline -0.018 0"><span class='ocrx_word' id='word_1_150' title='bbox 508 3327 534 3386; x_wconf 83' lang='lat'>2</span> <span class='ocrx_word' id='word_1_151' title='bbox 721 3321 786 3382; x_wconf 90' lang='lat' dir='ltr'>tur</span> 
     </span>
    </p>
   </div>
   <div class='ocr_carea' id='block_1_2' title="bbox 0 0 1041 3774">
    <p class='ocr_par' dir='ltr' id='par_1_3' title="bbox 0 0 1041 3774">
     <span class='ocr_line' id='line_1_29' title="bbox 0 0 1041 3774; baseline 0 0"><span class='ocrx_word' id='word_1_152' title='bbox 0 0 1041 3774; x_wconf 95' lang='lat' dir='ltr'> </span> 
     </span>
    </p>
   </div>
  </div>
 </body>
</html>
