2070 3774
325 238 388 327 Ad
402 235 676 327 Matutiuum:
785 254 841 342 79

87 350 183 436 ditm
197 347 489 436 multitudinem
502 341 796 433 miserationum
810 369 901 433 tus·

90 494 182 553 rum
198 465 354 580 respice
369 468 409 552 in
424 493 510 550 me⁴

90 589 144 672 Et
174 610 228 668 ne
244 605 392 670 avertas
412 578 554 669 faciem
582 600 692 666 tuam
720 582 743 663 ti
775 603 903 694 puero

89 722 159 784 tuo
175 729 188 782 s
207 694 232 745 *
264 700 448 812 quonium
487 695 685 802 tribulor,
714 694 906 783 velociter

94 811 237 901 exaudi
264 842 356 899 me.

96 928 265 1019 Intende
282 931 423 1015 animae
437 954 538 1014 meae
548 925 620 1031 ,ἂ
636 926 758 1017 libera
770 924 904 1018 eamr*

97 1067 261 1163 propter
275 1045 575 1131 inimicosmeos
591 1045 699 1162 eripe
712 1072 777 1129 me
793 1105 805 1130 .

95 1165 171 1249 Tu
199 1161 275 1246 scis
291 1161 572 1278 improperium
588 1159 796 1264 meum,&
810 1189 908 1249 con-

94 1271 296 1364 fusionem
324 1304 482 1365 mermt
514 1276 539 1326 *
571 1274 613 1360 ἁ
648 1279 909 1372 reverentiam

96 1421 253 1480 meam.
811 1388 815 1396 ¹
895 1410 899 1415 ’

101 1517 148 1596 in
167 1532 385 1625 conspectu
400 1530 471 1596 tuo
483 1531 576 1596 suut
592 1535 741 1625 omues,
759 1509 828 1623 qui
842 1507 913 1594 tri·

94 1621 235 1713 bolant
258 1652 349 1711 met
368 1624 394 1676 '¹‘
422 1625 705 1743 improperium
735 1645 914 1744 expects·

94 1742 153 1830 vit
167 1766 385 1829 cormeum
402 1802 415 1846 ‚
432 1739 474 1824 ἃ
488 1740 709 1829 miserium.

94 1864 155 1947 Et
181 1858 349 1951 untinui
363 1920 376 1964 ,
390 1857 460 1971 qui
474 1858 590 1944 simul
608 1857 912 1961 contristaret-ur,

96 1972 138 2057 &
154 2002 239 2111 nott
254 1970 359 2110 fuito:
374 1973 400 2025 ’¹‘
412 1973 454 2058 ts
467 1976 536 2088 qui
557 1972 911 2080 consolaturum&

96 2117 182 2177 uon
211 2116 376 2176 invem.
453 2170 457 2177 .

99 2212 158 2295 Et
176 2205 372 2293 dederunt
389 2205 432 2292 in
446 2231 574 2295 escam
588 2202 812 2297 mesmiel:
829 2210 855 2260 ‘¹‘
870 2206 912 2293 ἃ

100 2322 142 2407 iu
155 2322 222 2409 siti
235 2350 324 2409 mea
338 2344 577 2441 potaverunt
589 2354 652 2409 me
670 2350 808 2412 aceto.

98 2438 130 2525 F
136 2439 194 2525 iet
218 2466 353 2527 menso
368 2466 506 2528 eorum
533 2468 665 2527 coram
683 2441 776 2556 ipsis
802 2441 845 2528 in
861 2441 915 2530 lo·

100 2580 250 2667 queum
264 2586 276 2639 t
292 2554 372 2639 *ἃ
398 2557 441 2642 in
466 2552 770 2662 retributiones,
797 2556 838 2640 δι
870 2559 912 2645 in

99 2670 356 2758 scandulum.
398 2742 401 2747 .
553 2673 556 2679 ’

102 2784 385 2876 Obscurentur
414 2787 520 2874 oculi
555 2815 695 2876 eorum
723 2787 776 2874 ne
799 2788 914 2876 vide-

102 2898 254 2990 trntt*&
262 2907 420 2990 dorsum
430 2930 566 2991 eorum
575 2930 730 3023 semper
740 2906 915 2993 incurvo

103 3014 286 3109 Effunde
316 3045 435 3135 super
460 3018 529 3107 eos
557 3024 656 3108 iram
680 3044 788 3112 tuem
805 3055 818 3109 ε
834 3020 915 3111 ²¹⁸&

102 3126 221 3222 furor
234 3133 305 3222 irae
319 3159 398 3221 tuse
411 3139 717 3255 comprehendat
732 3167 800 3225 eos
819 3199 831 3222 .

102 3248 400 3343 Fiathsbitutio
414 3281 555 3343 eomm
569 3256 721 3349 deserte
736 3288 749 3345 s
765 3256 791 3305 *
805 3252 847 3335 ἃ
874 3252 915 3342 in
