<?xml version="1.0" encoding="UTF-8"?>
<!DOCTYPE html PUBLIC "-//W3C//DTD XHTML 1.0 Transitional//EN"
    "http://www.w3.org/TR/xhtml1/DTD/xhtml1-transitional.dtd">
<html xmlns="http://www.w3.org/1999/xhtml" xml:lang="en" lang="en">
 <head>
  <title>
</title>
<meta http-equiv="Content-Type" content="text/html;charset=utf-8" />
  <meta name='ocr-system' content='tesseract 3.04.00' />
  <meta name='ocr-capabilities' content='ocr_page ocr_carea ocr_par ocr_line ocrx_word'/>
</head>
<body>
  <div class='ocr_page' id='page_1' title='image "./officiumhebdoma00churgoog_0275.png"; bbox 0 0 2070 3774; ppageno 0'>
   <div class='ocr_carea' id='block_1_1' title="bbox 1 155 929 506">
    <p class='ocr_par' dir='ltr' id='par_1_1' title="bbox 1 155 929 506">
     <span class='ocr_line' id='line_1_1' title="bbox 1 155 635 269; baseline -0.008 -25"><span class='ocrx_word' id='word_1_1' title='bbox 1 251 2 260; x_wconf 47' lang='lat'><strong>.</strong></span> <span class='ocrx_word' id='word_1_2' title='bbox 160 162 265 269; x_wconf 68' lang='lat'><strong>274‘</strong></span> <span class='ocrx_word' id='word_1_3' title='bbox 392 155 506 242; x_wconf 82' lang='lat' dir='ltr'><strong>Fetia</strong></span> <span class='ocrx_word' id='word_1_4' title='bbox 526 174 635 240; x_wconf 74' lang='lat' dir='ltr'><strong>senta</strong></span> 
     </span>
     <span class='ocr_line' id='line_1_2' title="bbox 101 263 792 382; baseline -0.017 -19"><span class='ocrx_word' id='word_1_5' title='bbox 101 274 174 363; x_wconf 89' lang='lat' dir='ltr'><strong>erit</strong></span> <span class='ocrx_word' id='word_1_6' title='bbox 208 292 428 356; x_wconf 87' lang='lat' dir='ltr'><strong>armentum</strong></span> <span class='ocrx_word' id='word_1_7' title='bbox 455 268 495 352; x_wconf 92' lang='lat' dir='ltr'><strong>in</strong></span> <span class='ocrx_word' id='word_1_8' title='bbox 523 263 792 382; x_wconf 73' lang='lat' dir='ltr'><strong>praesepibus.</strong></span> 
     </span>
     <span class='ocr_line' id='line_1_3' title="bbox 99 381 929 506; baseline -0.006 -31"><span class='ocrx_word' id='word_1_9' title='bbox 99 395 200 506; x_wconf 83' lang='lat' dir='ltr'><strong>Ego</strong></span> <span class='ocrx_word' id='word_1_10' title='bbox 227 410 358 473; x_wconf 86' lang='lat' dir='ltr'><strong>autem</strong></span> <span class='ocrx_word' id='word_1_11' title='bbox 391 389 434 473; x_wconf 91' lang='lat' dir='ltr'><strong>in</strong></span> <span class='ocrx_word' id='word_1_12' title='bbox 450 381 625 470; x_wconf 90' lang='lat' dir='ltr'><strong>Domino</strong></span> <span class='ocrx_word' id='word_1_13' title='bbox 652 381 869 498; x_wconf 85' lang='lat' dir='ltr'>gaudebo:</span> <span class='ocrx_word' id='word_1_14' title='bbox 902 383 929 437; x_wconf 69' lang='lat'><strong>&#39;¹‘</strong></span> 
     </span>
    </p>
   </div>
   <div class='ocr_carea' id='block_1_2' title="bbox 99 501 933 1519">
    <p class='ocr_par' dir='ltr' id='par_1_2' title="bbox 104 501 760 612">
     <span class='ocr_line' id='line_1_4' title="bbox 104 501 760 612; baseline -0.006 -21"><span class='ocrx_word' id='word_1_15' title='bbox 104 501 347 590; x_wconf 84' lang='lat' dir='ltr'><strong>&amp;exultabo</strong></span> <span class='ocrx_word' id='word_1_16' title='bbox 376 502 417 586; x_wconf 92' lang='lat' dir='ltr'><strong>in</strong></span> <span class='ocrx_word' id='word_1_17' title='bbox 430 501 523 586; x_wconf 89' lang='lat' dir='ltr'><strong>Deo</strong></span> <span class='ocrx_word' id='word_1_18' title='bbox 537 505 630 612; x_wconf 77' lang='lat' dir='ltr'><strong>Jeuu</strong></span> <span class='ocrx_word' id='word_1_19' title='bbox 645 527 760 587; x_wconf 89' lang='lat' dir='ltr'><strong>meo.</strong></span> 
     </span>
    </p>

    <p class='ocr_par' dir='ltr' id='par_1_3' title="bbox 99 614 927 942">
     <span class='ocr_line' id='line_1_5' title="bbox 99 614 927 708; baseline -0.004 -2"><span class='ocrx_word' id='word_1_20' title='bbox 99 623 222 708; x_wconf 80' lang='lat' dir='ltr'><strong>Deus</strong></span> <span class='ocrx_word' id='word_1_21' title='bbox 253 617 451 703; x_wconf 83' lang='lat' dir='ltr'><strong>Dominut</strong></span> <span class='ocrx_word' id='word_1_22' title='bbox 496 615 689 702; x_wconf 83' lang='lat' dir='ltr'><strong>fortitudo</strong></span> <span class='ocrx_word' id='word_1_23' title='bbox 727 647 817 707; x_wconf 85' lang='lat' dir='ltr'><strong>mea</strong></span> <span class='ocrx_word' id='word_1_24' title='bbox 856 654 867 703; x_wconf 74' lang='grc' dir='ltr'><strong><em>ε</em></strong></span> <span class='ocrx_word' id='word_1_25' title='bbox 901 614 927 664; x_wconf 83' lang='grc'><strong><em>*</em></strong></span> 
     </span>
     <span class='ocr_line' id='line_1_6' title="bbox 105 735 925 853; baseline 0.001 -32"><span class='ocrx_word' id='word_1_26' title='bbox 105 737 147 821; x_wconf 79' lang='lat' dir='ltr'><strong>dt</strong></span> <span class='ocrx_word' id='word_1_27' title='bbox 181 756 307 853; x_wconf 88' lang='lat' dir='ltr'><strong>ponet</strong></span> <span class='ocrx_word' id='word_1_28' title='bbox 328 738 459 850; x_wconf 78' lang='lat' dir='ltr'><strong>peden·</strong></span> <span class='ocrx_word' id='word_1_29' title='bbox 476 761 615 836; x_wconf 77' lang='lat' dir='ltr'><strong>meon,</strong></span> <span class='ocrx_word' id='word_1_30' title='bbox 640 735 749 845; x_wconf 78' lang='lat' dir='ltr'><strong>quati</strong></span> <span class='ocrx_word' id='word_1_31' title='bbox 785 762 925 822; x_wconf 86' lang='lat' dir='ltr'><strong>cervo-</strong></span> 
     </span>
     <span class='ocr_line' id='line_1_7' title="bbox 104 882 221 942; baseline -0.085 0"><span class='ocrx_word' id='word_1_32' title='bbox 104 882 195 942; x_wconf 87' lang='lat' dir='ltr'><strong>rum</strong></span> <span class='ocrx_word' id='word_1_33' title='bbox 210 910 221 932; x_wconf 95' lang='lat'><strong>.</strong></span> 
     </span>
    </p>

    <p class='ocr_par' dir='ltr' id='par_1_4' title="bbox 99 964 931 1194">
     <span class='ocr_line' id='line_1_8' title="bbox 99 964 931 1079; baseline -0.008 -21"><span class='ocrx_word' id='word_1_34' title='bbox 99 973 294 1079; x_wconf 83' lang='lat' dir='ltr'><strong>Etsuper</strong></span> <span class='ocrx_word' id='word_1_35' title='bbox 310 964 464 1051; x_wconf 83' lang='lat' dir='ltr'><strong>excelsa</strong></span> <span class='ocrx_word' id='word_1_36' title='bbox 478 992 568 1052; x_wconf 87' lang='lat' dir='ltr'><strong>mea</strong></span> <span class='ocrx_word' id='word_1_37' title='bbox 583 966 753 1052; x_wconf 87' lang='lat' dir='ltr'>deducet</span> <span class='ocrx_word' id='word_1_38' title='bbox 768 994 832 1050; x_wconf 89' lang='lat' dir='ltr'><strong>me</strong></span> <span class='ocrx_word' id='word_1_39' title='bbox 850 966 931 1051; x_wconf 76' lang='lat' dir='ltr'><strong>uic⁴</strong></span> 
     </span>
     <span class='ocr_line' id='line_1_9' title="bbox 105 1080 726 1194; baseline -0.011 -22"><span class='ocrx_word' id='word_1_40' title='bbox 105 1107 171 1172; x_wconf 82' lang='lat' dir='ltr'><strong>tor</strong></span> <span class='ocrx_word' id='word_1_41' title='bbox 185 1117 198 1170; x_wconf 75' lang='lat' dir='ltr'><strong>e</strong></span> <span class='ocrx_word' id='word_1_42' title='bbox 211 1083 236 1131; x_wconf 79' lang='lat'><strong>&#39;¹‘</strong></span> <span class='ocrx_word' id='word_1_43' title='bbox 249 1085 290 1169; x_wconf 91' lang='lat' dir='ltr'><strong>in</strong></span> <span class='ocrx_word' id='word_1_44' title='bbox 321 1080 479 1194; x_wconf 78' lang='lat' dir='ltr'><strong>psalmis</strong></span> <span class='ocrx_word' id='word_1_45' title='bbox 502 1109 726 1168; x_wconf 85' lang='lat' dir='ltr'><strong>canentem.</strong></span> 
     </span>
    </p>

    <p class='ocr_par' dir='ltr' id='par_1_5' title="bbox 100 1195 933 1519">
     <span class='ocr_line' id='line_1_10' title="bbox 100 1195 933 1312; baseline -0.011 -22"><span class='ocrx_word' id='word_1_46' title='bbox 100 1205 267 1312; x_wconf 83' lang='lat' dir='ltr'><strong>Antiph.</strong></span> <span class='ocrx_word' id='word_1_47' title='bbox 299 1196 410 1281; x_wconf 92' lang='lat' dir='ltr'><strong>Dum</strong></span> <span class='ocrx_word' id='word_1_48' title='bbox 445 1195 675 1284; x_wconf 87' lang='lat' dir='ltr'><strong>conturbata</strong></span> <span class='ocrx_word' id='word_1_49' title='bbox 691 1196 813 1283; x_wconf 78' lang='lat' dir='ltr'><strong>fuerit</strong></span> <span class='ocrx_word' id='word_1_50' title='bbox 845 1199 933 1282; x_wconf 89' lang='lat' dir='ltr'><strong>ani-</strong></span> 
     </span>
     <span class='ocr_line' id='line_1_11' title="bbox 108 1314 932 1417; baseline 0.001 -17"><span class='ocrx_word' id='word_1_51' title='bbox 108 1342 174 1400; x_wconf 89' lang='lat' dir='ltr'><strong>ma</strong></span> <span class='ocrx_word' id='word_1_52' title='bbox 202 1314 498 1415; x_wconf 85' lang='lat' dir='ltr'><strong>mea,Domine</strong></span> <span class='ocrx_word' id='word_1_53' title='bbox 512 1375 525 1417; x_wconf 84' lang='lat'>‚</span> <span class='ocrx_word' id='word_1_54' title='bbox 540 1315 817 1403; x_wconf 74' lang='lat' dir='ltr'><strong>misericordiae</strong></span> <span class='ocrx_word' id='word_1_55' title='bbox 843 1344 932 1401; x_wconf 88' lang='lat' dir='ltr'><strong>me-</strong></span> 
     </span>
     <span class='ocr_line' id='line_1_12' title="bbox 109 1458 337 1519; baseline -0.018 -3"><span class='ocrx_word' id='word_1_56' title='bbox 109 1458 200 1519; x_wconf 91' lang='lat' dir='ltr'><strong>mor</strong></span> <span class='ocrx_word' id='word_1_57' title='bbox 231 1458 337 1518; x_wconf 82' lang='lat' dir='ltr'><strong>erm.</strong></span> 
     </span>
    </p>
   </div>
   <div class='ocr_carea' id='block_1_3' title="bbox 73 1548 933 1750">
    <p class='ocr_par' dir='ltr' id='par_1_6' title="bbox 73 1548 933 1750">
     <span class='ocr_line' id='line_1_13' title="bbox 104 1548 927 1665; baseline -0.007 -22"><span class='ocrx_word' id='word_1_58' title='bbox 104 1556 266 1657; x_wconf 79' lang='lat' dir='ltr'><strong>Antioh.</strong></span> <span class='ocrx_word' id='word_1_59' title='bbox 283 1548 516 1630; x_wconf 84' lang='lat' dir='ltr'><strong>Memento.</strong></span> <span class='ocrx_word' id='word_1_60' title='bbox 632 1551 806 1636; x_wconf 77' lang='lat' dir='ltr'><strong>Petimus</strong></span> <span class='ocrx_word' id='word_1_61' title='bbox 830 1553 927 1665; x_wconf 72' lang='lat'><strong>148.</strong></span> 
     </span>
     <span class='ocr_line' id='line_1_14' title="bbox 73 1657 933 1750; baseline -0.002 1"><span class='ocrx_word' id='word_1_62' title='bbox 73 1674 78 1683; x_wconf 77' lang='grc'><em>“</em></span> <span class='ocrx_word' id='word_1_63' title='bbox 196 1663 348 1748; x_wconf 86' lang='lat' dir='ltr'><strong>Audate</strong></span> <span class='ocrx_word' id='word_1_64' title='bbox 363 1661 581 1745; x_wconf 91' lang='lat' dir='ltr'><strong>Dominum</strong></span> <span class='ocrx_word' id='word_1_65' title='bbox 597 1657 645 1745; x_wconf 88' lang='lat' dir='ltr'><strong>de</strong></span> <span class='ocrx_word' id='word_1_66' title='bbox 661 1660 768 1748; x_wconf 82' lang='lat' dir='ltr'><strong>caelis</strong></span> <span class='ocrx_word' id='word_1_67' title='bbox 783 1696 793 1746; x_wconf 76' lang='grc' dir='ltr'>ε</span> <span class='ocrx_word' id='word_1_68' title='bbox 810 1660 835 1709; x_wconf 87' lang='grc'><em>*</em></span> <span class='ocrx_word' id='word_1_69' title='bbox 849 1663 933 1750; x_wconf 87' lang='lat' dir='ltr'><strong>lau·</strong></span> 
     </span>
    </p>
   </div>
   <div class='ocr_carea' id='block_1_4' title="bbox 19 1775 935 3382">
    <p class='ocr_par' dir='ltr' id='par_1_7' title="bbox 104 1775 935 3177">
     <span class='ocr_line' id='line_1_15' title="bbox 225 1775 724 1864; baseline 0 -3"><span class='ocrx_word' id='word_1_70' title='bbox 225 1778 312 1864; x_wconf 88' lang='lat' dir='ltr'><strong>date</strong></span> <span class='ocrx_word' id='word_1_71' title='bbox 347 1807 438 1863; x_wconf 87' lang='lat' dir='ltr'><strong>eum</strong></span> <span class='ocrx_word' id='word_1_72' title='bbox 468 1775 509 1861; x_wconf 90' lang='lat' dir='ltr'><strong>in</strong></span> <span class='ocrx_word' id='word_1_73' title='bbox 532 1776 724 1863; x_wconf 79' lang='lat' dir='ltr'><strong>excelsis.</strong></span> 
     </span>
     <span class='ocr_line' id='line_1_16' title="bbox 105 1893 932 2008; baseline 0 -28"><span class='ocrx_word' id='word_1_74' title='bbox 105 1893 295 1980; x_wconf 78' lang='lat' dir='ltr'><strong>Laudare</strong></span> <span class='ocrx_word' id='word_1_75' title='bbox 325 1923 417 1982; x_wconf 87' lang='lat' dir='ltr'><strong>eum</strong></span> <span class='ocrx_word' id='word_1_76' title='bbox 444 1921 580 1978; x_wconf 77' lang='lat' dir='ltr'><strong>omnes</strong></span> <span class='ocrx_word' id='word_1_77' title='bbox 595 1894 740 2008; x_wconf 86' lang='lat' dir='ltr'><strong>Angeii</strong></span> <span class='ocrx_word' id='word_1_78' title='bbox 773 1899 857 2006; x_wconf 74' lang='lat' dir='ltr'><strong>ejus</strong></span> <span class='ocrx_word' id='word_1_79' title='bbox 876 1927 888 1980; x_wconf 70' lang='grc' dir='ltr'><strong>ε</strong></span> <span class='ocrx_word' id='word_1_80' title='bbox 907 1896 932 1945; x_wconf 83' lang='grc'><em>*</em></span> 
     </span>
     <span class='ocr_line' id='line_1_17' title="bbox 110 2009 828 2118; baseline -0.001 -25"><span class='ocrx_word' id='word_1_81' title='bbox 110 2009 265 2096; x_wconf 87' lang='lat' dir='ltr'><strong>laudate</strong></span> <span class='ocrx_word' id='word_1_82' title='bbox 283 2039 375 2093; x_wconf 91' lang='lat' dir='ltr'><strong>eum</strong></span> <span class='ocrx_word' id='word_1_83' title='bbox 388 2037 524 2095; x_wconf 80' lang='lat' dir='ltr'><strong>omnes</strong></span> <span class='ocrx_word' id='word_1_84' title='bbox 540 2009 702 2094; x_wconf 86' lang='lat' dir='ltr'><strong>virtutes</strong></span> <span class='ocrx_word' id='word_1_85' title='bbox 717 2017 828 2118; x_wconf 75' lang='lat' dir='ltr'><strong>ejus.</strong></span> 
     </span>
     <span class='ocr_line' id='line_1_18' title="bbox 106 2121 931 2228; baseline 0.001 -14"><span class='ocrx_word' id='word_1_86' title='bbox 106 2125 295 2214; x_wconf 78' lang='lat' dir='ltr'><strong>Laudare</strong></span> <span class='ocrx_word' id='word_1_87' title='bbox 312 2151 403 2209; x_wconf 92' lang='lat' dir='ltr'><strong>eum</strong></span> <span class='ocrx_word' id='word_1_88' title='bbox 419 2126 503 2228; x_wconf 81' lang='lat' dir='ltr'><strong>sol,</strong></span> <span class='ocrx_word' id='word_1_89' title='bbox 520 2122 560 2204; x_wconf 75' lang='lat' dir='ltr'><strong>dt</strong></span> <span class='ocrx_word' id='word_1_90' title='bbox 577 2121 696 2209; x_wconf 73' lang='lat' dir='ltr'><strong>lunae</strong></span> <span class='ocrx_word' id='word_1_91' title='bbox 723 2124 747 2173; x_wconf 89' lang='lat'><em>*</em></span> <span class='ocrx_word' id='word_1_92' title='bbox 772 2126 931 2215; x_wconf 84' lang='lat' dir='ltr'><strong>laudate</strong></span> 
     </span>
     <span class='ocr_line' id='line_1_19' title="bbox 113 2239 782 2343; baseline 0.004 -18"><span class='ocrx_word' id='word_1_93' title='bbox 113 2266 205 2325; x_wconf 84' lang='lat' dir='ltr'><strong>eum</strong></span> <span class='ocrx_word' id='word_1_94' title='bbox 220 2269 357 2328; x_wconf 79' lang='lat' dir='ltr'><strong>omnes</strong></span> <span class='ocrx_word' id='word_1_95' title='bbox 372 2240 524 2343; x_wconf 79' lang='lat' dir='ltr'><strong>stellae,</strong></span> <span class='ocrx_word' id='word_1_96' title='bbox 551 2239 593 2322; x_wconf 81' lang='lat' dir='ltr'><strong>dt</strong></span> <span class='ocrx_word' id='word_1_97' title='bbox 623 2239 782 2328; x_wconf 90' lang='lat' dir='ltr'><strong>lumen.</strong></span> 
     </span>
     <span class='ocr_line' id='line_1_20' title="bbox 106 2354 933 2445; baseline -0.004 0"><span class='ocrx_word' id='word_1_98' title='bbox 106 2354 299 2445; x_wconf 79' lang='lat' dir='ltr'><strong>Laudare</strong></span> <span class='ocrx_word' id='word_1_99' title='bbox 332 2386 424 2443; x_wconf 90' lang='lat' dir='ltr'><strong>eum</strong></span> <span class='ocrx_word' id='word_1_100' title='bbox 456 2355 543 2445; x_wconf 86' lang='lat' dir='ltr'><strong>caeli</strong></span> <span class='ocrx_word' id='word_1_101' title='bbox 577 2356 801 2442; x_wconf 83' lang='lat' dir='ltr'><strong>caelorum:</strong></span> <span class='ocrx_word' id='word_1_102' title='bbox 834 2355 859 2404; x_wconf 88' lang='grc'><strong><em>*</em></strong></span> <span class='ocrx_word' id='word_1_103' title='bbox 891 2359 933 2442; x_wconf 83' lang='lat'>&amp;</span> 
     </span>
     <span class='ocr_line' id='line_1_21' title="bbox 111 2475 934 2590; baseline -0.002 -27"><span class='ocrx_word' id='word_1_104' title='bbox 111 2479 398 2584; x_wconf 76' lang='lat' dir='ltr'><strong>aquaeomnes,</strong></span> <span class='ocrx_word' id='word_1_105' title='bbox 419 2504 511 2588; x_wconf 86' lang='lat' dir='ltr'><strong>quae</strong></span> <span class='ocrx_word' id='word_1_106' title='bbox 527 2501 645 2590; x_wconf 82' lang='lat' dir='ltr'><strong>eupet</strong></span> <span class='ocrx_word' id='word_1_107' title='bbox 670 2475 787 2560; x_wconf 73' lang='lat' dir='ltr'><strong>caelos</strong></span> <span class='ocrx_word' id='word_1_108' title='bbox 813 2499 934 2581; x_wconf 80' lang='lat' dir='ltr'><strong>runt,</strong></span> 
     </span>
     <span class='ocr_line' id='line_1_22' title="bbox 114 2587 650 2677; baseline 0.002 -5"><span class='ocrx_word' id='word_1_109' title='bbox 114 2587 276 2677; x_wconf 87' lang='lat' dir='ltr'><strong>laudent</strong></span> <span class='ocrx_word' id='word_1_110' title='bbox 300 2618 444 2677; x_wconf 89' lang='lat' dir='ltr'><strong>nomen</strong></span> <span class='ocrx_word' id='word_1_111' title='bbox 459 2592 650 2674; x_wconf 85' lang='lat' dir='ltr'><strong>Domini.</strong></span> 
     </span>
     <span class='ocr_line' id='line_1_23' title="bbox 104 2705 933 2824; baseline 0.007 -36"><span class='ocrx_word' id='word_1_112' title='bbox 104 2707 225 2820; x_wconf 89' lang='lat' dir='ltr'><strong>Quia</strong></span> <span class='ocrx_word' id='word_1_113' title='bbox 241 2707 323 2819; x_wconf 77' lang='lat' dir='ltr'><strong>ipae</strong></span> <span class='ocrx_word' id='word_1_114' title='bbox 340 2707 447 2818; x_wconf 59' lang='lat' dir='ltr'><strong>:dixit</strong></span> <span class='ocrx_word' id='word_1_115' title='bbox 457 2767 471 2808; x_wconf 83' lang='lat'><strong>,</strong></span> <span class='ocrx_word' id='word_1_116' title='bbox 487 2705 528 2788; x_wconf 74' lang='grc' dir='ltr'>ἀ</span> <span class='ocrx_word' id='word_1_117' title='bbox 543 2705 645 2792; x_wconf 81' lang='lat' dir='ltr'><strong>facta</strong></span> <span class='ocrx_word' id='word_1_118' title='bbox 668 2729 760 2791; x_wconf 75' lang='lat' dir='ltr'><strong>eunt</strong></span> <span class='ocrx_word' id='word_1_119' title='bbox 777 2737 787 2788; x_wconf 75' lang='grc' dir='ltr'>ε</span> <span class='ocrx_word' id='word_1_120' title='bbox 806 2705 831 2754; x_wconf 87' lang='grc'><strong>*</strong></span> <span class='ocrx_word' id='word_1_121' title='bbox 848 2709 933 2824; x_wconf 80' lang='lat' dir='ltr'><strong>ipae</strong></span> 
     </span>
     <span class='ocr_line' id='line_1_24' title="bbox 110 2821 710 2928; baseline -0.002 -23"><span class='ocrx_word' id='word_1_122' title='bbox 110 2823 339 2928; x_wconf 80' lang='lat' dir='ltr'><strong>mandavit,</strong></span> <span class='ocrx_word' id='word_1_123' title='bbox 369 2821 410 2904; x_wconf 72' lang='grc' dir='ltr'><strong>ὅ(</strong></span> <span class='ocrx_word' id='word_1_124' title='bbox 439 2847 567 2910; x_wconf 88' lang='lat' dir='ltr'><strong>creata</strong></span> <span class='ocrx_word' id='word_1_125' title='bbox 593 2844 710 2906; x_wconf 81' lang='lat' dir='ltr'><strong>aunt.</strong></span> 
     </span>
     <span class='ocr_line' id='line_1_25' title="bbox 104 2938 934 3041; baseline 0.005 -19"><span class='ocrx_word' id='word_1_126' title='bbox 104 2941 134 3031; x_wconf 80' lang='lat' dir='ltr'>S</span> <span class='ocrx_word' id='word_1_127' title='bbox 149 2938 265 3022; x_wconf 86' lang='lat' dir='ltr'><strong>tatuit</strong></span> <span class='ocrx_word' id='word_1_128' title='bbox 281 2969 328 3024; x_wconf 88' lang='lat' dir='ltr'><strong>ea</strong></span> <span class='ocrx_word' id='word_1_129' title='bbox 354 2938 395 3023; x_wconf 93' lang='lat' dir='ltr'><strong>in</strong></span> <span class='ocrx_word' id='word_1_130' title='bbox 407 2961 596 3026; x_wconf 86' lang='lat' dir='ltr'><strong>aetemum</strong></span> <span class='ocrx_word' id='word_1_131' title='bbox 612 3001 626 3041; x_wconf 87' lang='lat'>‚</span> <span class='ocrx_word' id='word_1_132' title='bbox 641 2938 682 3021; x_wconf 80' lang='lat' dir='ltr'><strong>dt</strong></span> <span class='ocrx_word' id='word_1_133' title='bbox 698 2940 740 3024; x_wconf 91' lang='lat' dir='ltr'><strong>in</strong></span> <span class='ocrx_word' id='word_1_134' title='bbox 755 2938 934 3026; x_wconf 75' lang='lat' dir='ltr'><strong>seculum</strong></span> 
     </span>
     <span class='ocr_line' id='line_1_26' title="bbox 109 3051 935 3177; baseline -0.001 -34"><span class='ocrx_word' id='word_1_135' title='bbox 109 3051 294 3143; x_wconf 78' lang='lat' dir='ltr'><strong>eeculiz*</strong></span> <span class='ocrx_word' id='word_1_136' title='bbox 309 3078 553 3176; x_wconf 83' lang='lat' dir='ltr'><strong>praeceptum</strong></span> <span class='ocrx_word' id='word_1_137' title='bbox 586 3057 751 3177; x_wconf 78' lang='lat' dir='ltr'><strong>posuit,</strong></span> <span class='ocrx_word' id='word_1_138' title='bbox 778 3053 819 3138; x_wconf 79' lang='lat' dir='ltr'><strong>dt</strong></span> <span class='ocrx_word' id='word_1_139' title='bbox 851 3085 935 3144; x_wconf 89' lang='lat' dir='ltr'><strong>non</strong></span> 
     </span>
    </p>

    <p class='ocr_par' dir='ltr' id='par_1_8' title="bbox 19 3166 875 3382">
     <span class='ocr_line' id='line_1_27' title="bbox 19 3166 362 3291; baseline -0.015 -31"><span class='ocrx_word' id='word_1_140' title='bbox 19 3214 22 3223; x_wconf 91' lang='lat'><em>·</em></span> <span class='ocrx_word' id='word_1_141' title='bbox 109 3166 362 3291; x_wconf 81' lang='lat' dir='ltr'><strong>praeteribit.</strong></span> 
     </span>
     <span class='ocr_line' id='line_1_28' title="bbox 193 3298 875 3382; baseline -0.021 1"><span class='ocrx_word' id='word_1_142' title='bbox 193 3312 200 3319; x_wconf 84' lang='grc'><em>’</em></span> <span class='ocrx_word' id='word_1_143' title='bbox 752 3298 875 3382; x_wconf 83' lang='lat' dir='ltr'><strong>Lau-</strong></span> 
     </span>
    </p>
   </div>
   <div class='ocr_carea' id='block_1_5' title="bbox 0 0 1040 3774">
    <p class='ocr_par' dir='ltr' id='par_1_9' title="bbox 0 0 1040 3774">
     <span class='ocr_line' id='line_1_29' title="bbox 0 0 1040 3774; baseline 0 0"><span class='ocrx_word' id='word_1_144' title='bbox 0 0 1040 3774; x_wconf 95' lang='lat' dir='ltr'><strong> </strong></span> 
     </span>
    </p>
   </div>
  </div>
 </body>
</html>
