2070 3774
228 210 312 295 ηπ
443 184 555 276 Fetia
578 181 686 273 scrita

154 298 215 388 Et
255 303 481 420 egredietur
517 295 696 386 diabolus
723 319 810 387 ante
850 301 975 415 pedes

161 419 275 537 ejus:
293 423 317 465 *
332 423 468 522 stetit,
494 415 536 497 ἃ
552 443 707 500 mensus
724 437 782 503 est
805 438 973 503 terram.

156 534 351 666 Aspexit,
365 534 406 617 δι
420 531 596 619 dissolvit
608 556 771 645 gentes:
787 524 812 578 *
826 528 868 649 dr
884 542 978 617 con·

155 644 238 731 trin
255 672 347 734 sunt
362 674 514 736 montes
529 645 652 732 seculi
673 706 685 730 .

157 765 359 849 ltrcurvati
386 787 479 851 sunt
512 761 632 846 colles
661 761 799 848 mundi
829 787 841 840 r
870 756 894 810 ²¹¹
925 755 976 846 ab

111 896 114 901 ·
149 871 356 963 itineribus
382 878 606 966 aeternitatis
643 882 757 989 eius.

159 996 240 1079 Pro
273 994 476 1105 iniquitate
502 992 586 1078 vidi
623 993 790 1077 tentoria
813 991 978 1075 AEthio·

155 1106 236 1220 pies
256 1145 266 1192 :
284 1105 578 1196 *turbabuntur
602 1106 727 1222 pelles
752 1130 869 1193 terrae
884 1108 980 1195 Ma·

159 1222 276 1320 dian.
620 1224 623 1229 ’
806 1276 816 1288 ,-

158 1341 374 1451 Numquid
412 1344 454 1427 in
491 1336 717 1426 fluminibus
735 1338 868 1419 iratus
897 1364 979 1438 es,

155 1451 359 1540 Domine:
389 1453 414 1503 '¹‘
443 1481 509 1542 aut
539 1463 582 1548 in
611 1448 836 1538 fluminibus
864 1449 980 1536 furor

153 1590 277 1673 tuus,
301 1571 365 1657 vei
392 1572 435 1655 in
458 1575 556 1657 mari
588 1568 807 1683 indignatio
840 1564 945 1650 tua?

156 1682 246 1794 Qui
275 1683 458 1772 ascendes
473 1713 593 1802 super
622 1710 742 1799 equos
767 1703 855 1765 tuos
871 1677 979 1799 3³⁸&

158 1799 361 1916 quadrigae
397 1823 479 1886 tuae
510 1804 700 1888 salvatio.
947 1830 950 1835 ·

155 1917 362 2010 Suscitans
391 1914 591 2001 suscitabis
620 1944 752 2001 arcum
782 1935 928 1996 tuum:
955 1905 979 1954 *

157 2031 381 2114 ‘uramenta
393 2028 591 2137 Tribubus
604 2093 616 2133 ‚
631 2060 722 2144 quae
743 2029 896 2112 locutus
914 2051 979 2107 es.

157 2065 324 2230 invios
351 2145 503 2249 scindes
536 2170 652 2233 terrae
669 2177 684 2247 ς
701 2145 888 2230 viderunt
917 2160 981 2239 te,

157 2258 199 2339 dr
218 2257 431 2344 doluerunt
447 2286 600 2348 montes
618 2291 628 2340 ε
648 2260 831 2375 *gurges
866 2283 983 2368 aqua-

157 2400 247 2471 rum
273 2396 444 2460 translit.

159 2487 291 2573 Dedit
318 2487 476 2600 abyssus
490 2517 629 2576 vocem
643 2516 752 2577 suam
767 2517 777 2568 :
794 2487 817 2534 *
844 2488 981 2575 altitu-

162 2601 216 2689 do
244 2634 380 2690 manus
407 2634 495 2690 suas
522 2605 690 2691 levavit.

163 2720 267 2821 Sol,
295 2719 464 2804 &Luna
490 2742 679 2806 steterunt
696 2721 737 2804 in
760 2715 983 2806 habitaculo

163 2856 237 2916 suo
267 2866 279 2917 a
307 2833 396 2918 *in
427 2835 514 2918 luce
543 2837 770 2950 sagittarum
800 2847 984 2938 tuarum,

163 2942 278 3033 ibunt
306 2949 347 3032 in
365 2948 570 3067 splendore
594 2951 830 3067 fulgurantis
856 2948 984 3038 hastae

161 3081 245 3147 111ae
260 3123 273 3147 ι

168 3184 218 3277 m
243 3177 402 3266 fremitu
428 3172 671 3269 conculsabis
696 3202 836 3268 terrant
851 3207 863 3260 r
878 3175 915 3313 ι*
940 3179 982 3262 ὅ(

877 3323 920 3380 m
