2070 3774
297 187 361 273 Ad
374 186 519 274 Altaria
535 181 754 275 abluenda·
777 190 859 306 183

89 374 93 381 .
111 302 170 403 st.
188 301 354 388 iiiAEnce
369 300 537 390 vidimus
553 330 645 388 eum
660 329 740 388 non
764 298 916 392 haben·

106 442 188 507 tem
202 421 394 533 speciem,
407 447 533 531 neque
563 417 747 505 decorem
762 485 775 527 ‚
790 437 922 534 espec*

106 560 171 623 tus
197 541 281 647 ejus
308 536 351 619 in
378 562 429 619 eo
456 563 538 618 non
565 534 728 642 est;hic
757 558 917 651 peccata

106 675 239 738 nostra
260 649 454 764 portavit,
470 647 512 729 ἅ
542 678 615 764 pro
632 647 743 736 nobis
776 650 913 753 dolet;

84 832 88 837 .
105 766 188 880 ipse
206 790 333 850 autem
348 762 573 848 vulneratus
589 789 647 850 est
662 787 825 879 propter
842 767 917 851 ini-

108 903 268 989 quitates
301 876 516 963 nostrast*
542 879 674 990 Cujus
705 880 827 966 livore
851 907 917 968 sa·

78 994 188 1079 'nati
212 1020 369 1077 sumus.

110 1102 165 1205 ill·
193 1107 296 1191 vers
328 1106 534 1225 languores
562 1127 715 1194 nostros
745 1109 827 1222 ipse
852 1129 915 1192 tu·

105 1221 171 1308 lit:
188 1221 229 1304 ὅ(
245 1220 397 1308 dolores
424 1246 578 1311 nostros
606 1225 687 1338 ipse
715 1224 912 1339 portavit.

112 1337 248 1451 Cujus
279 1335 429 1424 livore.

110 1450 167 1542 R.
184 1459 235 1537 iv.
251 1453 410 1538 Amicus
424 1480 534 1538 meus
550 1448 672 1537 osculi
700 1479 764 1538 me
791 1451 915 1538 tradi·

65 1660 72 1669 ,
108 1564 167 1650 dit
181 1567 319 1682 signo:
333 1594 448 1678 quem
460 1569 655 1656 osculatus
668 1563 800 1669 fuero,-
828 1569 913 1681 ipse

107 1705 188 1781 est,
216 1704 341 1766 tenete
373 1710 492 1766 eum.
523 1687 611 1769 Hoc
642 1682 788 1768 malum
820 1679 914 1767 fecit

104 1798 288 1907 signum,
317 1797 385 1906 qui
407 1799 673 1913 petusculum
690 1795 913 1910 adimplevit

105 1911 401 1995 homicidium:
433 1909 458 1959 *
500 1911 643 1997 Infelix
666 1909 914 2027 praetermisit

103 2026 272 2139 pretium
300 2027 524 2140 sanguinis:
541 2025 582 2107 u
598 2028 639 2113 in
665 2028 742 2113 fine
773 2023 913 2135 laqueo

103 2167 144 2226 se
174 2139 377 2253 suspendit
391 2170 405 2223 ·.
870 2170 873 2175 ·

106 2250 163 2358 V·
187 2255 304 2338 Filius
321 2254 479 2365 quidem
514 2253 684 2341 hominis
711 2253 840 2356 vadit,
864 2258 912 2343 si·

104 2372 382 2482 cutscriptum
414 2392 471 2453 est
500 2370 549 2454 de
580 2371 647 2454 illo
663 2391 911 2463 :vaesutem

101 2480 252 2569 homini
277 2482 390 2587 illi,
438 2511 510 2599 per
548 2512 664 2596 quem
704 2482 910 2571 tradetur.

109 2598 272 2685 Infelix.
864 2646 871 2657 ·

105 2715 159 2805 R.
187 2747 228 2801 v.
248 2711 363 2799 Unus
389 2741 436 2798 ex
460 2708 572 2798 vobis
601 2709 727 2798 tradet
753 2730 817 2797 m'e
843 2709 915 2798 hn-¹

103 2827 167 2914 die
180 2858 195 2930 ς
206 2855 270 2913 vse
286 2829 370 2931 illi,
397 2857 470 2944 per
487 2856 603 2938 quem
617 2829 745 2915 tradar
761 2853 867 2940 eges
886 2824 923 2938 *ι

108 2943 264 3029 Melius
289 2944 345 3030 illi
363 2967 443 3030 erat
455 3005 467 3045 ,
478 2945 510 3026 si
528 2969 638 3030 natus
655 2970 735 3029 non
747 2939 914 3028 fussee·

107 3048 162 3158 V.
191 3052 274 3168 Qui
309 3060 467 3172 intingit
497 3088 651 3144 mecum
681 3086 839 3144 manum
866 3055 912 3139 in

98 3172 330 3293 paropside:
354 3174 418 3262 hic
447 3203 510 3262 me
534 3177 758 3265 eruditurus
781 3193 840 3257 est
869 3169 911 3268 in

594 3364 599 3369 .
755 3313 855 3372 ma-
