2070 3774
279 234 497 356 secundun
508 228 716 355 Martum,
810 276 864 361 55

102 352 313 446 flectitur·
345 373 396 455 Et
424 367 558 455 velum
573 363 732 481 Templi
764 364 924 453 scissum

100 490 221 576 estin
239 486 325 572 duo
337 492 554 589 ,aaunrmo
569 508 690 594 usque
709 480 894 570 deorsum
912 542 923 565 .

101 605 260 692 videns
288 626 421 691 autem
436 596 661 701 Centurio,
674 599 741 710 qui
773 628 824 685 ex
856 597 927 683 ad-

102 747 221 807 verso
246 715 374 805 stabat
417 715 512 831 quia
536 718 592 801 sic
618 715 789 801 clamans
805 715 927 829 exspi-

104 857 227 923 resset
242 894 258 936 ,
271 834 324 920 ait
338 778 414 920 τὲ
438 828 546 919 Vere
562 833 628 919 hic
643 832 766 917 horno
778 892 792 933 ,
806 830 927 916 Filius

103 946 192 1039 Dei
209 973 320 1036 erat.
341 935 380 1017 (a
402 951 528 1035 Erant
542 972 674 1036 autern
686 945 728 1031 u
740 948 927 1033 mulieres

107 1065 158 1153 de
186 1062 310 1177 longe
325 1064 560 1177 aspicientes
575 1099 587 1148 a
604 1067 707 1150 inter
721 1091 818 1175 quaa
842 1087 928 1150 erat

105 1180 239 1269 Maria
264 1180 536 1294 Magdalene,
570 1178 611 1262 ἃ
636 1181 768 1266 Maria
793 1175 925 1289 jacobi

105 1294 287 1397 minoris,
301 1294 497 1411 &joseph
513 1295 645 1382 Mater
661 1293 729 1396 ,ἃ
745 1293 927 1383 Salome:

106 1410 258 1499 &clam
281 1434 383 1497 esset
400 1411 444 1505 in
455 1408 647 1512 Galilaea,
662 1407 929 1522 aequabantur

109 1558 223 1629 eum,
241 1525 284 1607 ἃ
300 1522 573 1614 ministrabant
586 1527 622 1611 ei
639 1524 702 1609 a&
721 1524 808 1611 aliae
824 1525 930 1609 mul·

107 1664 188 1748 tae,
216 1666 312 1754 quae
336 1641 455 1729 simul
482 1670 575 1728 curn
601 1671 652 1730 eo
676 1639 931 1731 ascenderant

109 1756 424 1870 lerosolymam.

113 1864 254 2059 ET
281 1881 374 1961 clam
400 1876 480 1984 iam
504 1869 595 1960 aero
619 1897 722 1961 esset
748 1871 930 1978 lactum,

222 1988 361 2102 (quia
377 2012 464 2074 erat
482 1990 692 2075 Parasceve
707 2049 722 2090 ,
735 1988 845 2101 quod
871 2014 931 2075 est

110 2128 198 2194 ante
217 2100 433 2192 Sabbatum
450 2103 598 2217 >venit
610 2106 754 2222 Joseph
778 2103 828 2192 ab
841 2108 933 2193 Ari-

111 2220 312 2322 mathaee,
328 2216 472 2305 nobilis
486 2220 690 2322 Decurio,
707 2222 775 2334 qui
791 2223 833 2306 ἃ
848 2223 930 2338 ipse

60 2384 64 2399 =
112 2358 193 2423 erat
219 2356 450 2451 exspectans
465 2338 653 2449 Regnum
665 2335 771 2426 Dei:
789 2338 829 2421 ἃ
858 2372 934 2425 au«

60 2490 64 2529 r
111 2453 248 2541 dacter
273 2452 452 2539 introivit
479 2454 528 2539 ad
542 2453 709 2538 Pilatum
727 2452 795 2557 ,ἃ
815 2458 933 2570 petiit

60 2633 62 2648 ,
112 2594 261 2688 corpus
285 2573 404 2680 lesu.
433 2569 580 2655 Pilatus
606 2592 737 2655 autem
763 2568 933 2660 miraba-

60 2725 62 2737 >
111 2684 251 2788 tur,si
268 2687 346 2796 iarn
361 2680 611 2771 obiisset.Et
625 2690 812 2773 accersito
826 2686 933 2775 Cen·

111 2803 273 2886 tutione
299 2862 313 2903 ,
338 2801 601 2912 interrogavit
626 2831 717 2919 eunt
742 2866 756 2907 ,
783 2808 815 2889 si
853 2812 932 2918 jana

110 2940 298 3004 mortuus
317 2939 419 3004 asset
437 2977 448 3000 .
465 2918 624 3002 Etcum
640 2921 891 3031 cognovisset
907 2928 931 3009 ai

113 3030 395 3136 Centurione,
412 3034 576 3120 donavit
607 3061 749 3149 corpus
765 3030 930 3155 joseph.

115 3150 262 3264 loseph
280 3174 413 3234 autem
427 3172 620 3237 mercatus
635 3152 870 3255 sindonem,
888 3152 932 3234 ὅ(

116 3266 321 3389 deponens
347 3267 649 3468 eum,iCnuolvit
672 3271 839 3361 sindone
856 3268 929 3371 ,ἃ

534 3410 563 3499 4
793 3409 870 3506 ΡΟ·-
