2070 3774
210 145 289 233 160
335 145 446 234 Faria
457 148 558 231 vain·
568 143 876 233 Corna‘Domini

147 261 224 350 boc
253 259 368 347 facite
393 320 406 363 ‚
433 255 756 373 quotiescumque
786 257 926 347 bibetis
949 271 964 364 ς

86 474 90 478 .
153 379 195 463 in
225 407 351 465 meam
387 376 815 464 commemorationem.
853 376 967 488 Quo-

112 596 114 601 ,
149 495 392 604 tiescumque
433 494 538 576 enim
576 493 853 579 manducabitis
893 523 965 608 pa-

150 633 244 695 nem
272 611 402 709 bunc,
430 607 471 690 ot
489 609 650 695 calicem
664 606 832 712 bibetis,
861 628 973 693 mor-'

53 720 57 727 ’
154 745 236 808 tem
276 725 438 808 Domini
487 722 768 810 annunciabitis
797 791 810 830 ‚
839 724 965 809 donec

152 840 284 924 veniat
300 865 324 920 .’
341 841 474 948 ltaque
513 838 750 950 quicumque
794 841 966 924 mandu-

155 955 302 1038 caverit
330 982 470 1064 panem
486 954 617 1056 hunc,
643 957 707 1040 vel
734 953 876 1040 biberit
903 985 969 1040 ca-

155 1065 267 1155 licem
307 1069 472 1154 Domini
516 1069 677 1181 indignd
709 1099 720 1149 ε
753 1100 847 1156 reus
893 1071 969 1154 erit

156 1178 347 1299 Corporis
358 1181 421 1285 ,dr
446 1183 655 1300 Sanguinis
671 1181 833 1270 Domini
849 1245 859 1264 .
875 1188 968 1268 Pro·

59 1310 63 1320 '
154 1293 222 1384 be't
247 1323 375 1384 autem
398 1300 570 1414 seipsum
595 1301 746 1386 homo:
771 1300 811 1381 dc
834 1303 886 1383 sic
915 1303 968 1385 de

17 1498 19 1502 Α
151 1438 252 1532 pane
269 1413 337 1498 illo
354 1417 456 1517 edat,
468 1413 508 1495 δι
524 1417 575 1501 de
593 1416 712 1501 calice
727 1411 833 1502 bibat
854 1475 863 1496 .
883 1409 969 1522 Qui

155 1530 263 1615 enim
293 1531 499 1614 manducat
531 1527 612 1630 ,ἃ
640 1527 741 1614 bibit
773 1529 967 1644 indignis:

153 1645 346 1756 judicium
371 1643 444 1728 sibi
476 1647 728 1746 manducat,
770 1645 810 1726 8(
842 1643 971 1746 bibit,

155 1785 240 1844 non
257 1759 476 1870 dijudicans
494 1757 654 1873 Corpus
669 1758 853 1844 Domini.
875 1762 970 1844 Ideo

154 1874 258 1958 inter
282 1885 354 1959 vos
375 1872 488 1958 multi
518 1876 693 1976 infirmi,
721 1875 761 1956 di
792 1873 971 1959 imbecil-

41 2060 44 2065 .
156 1989 212 2076 les
228 2023 239 2072 a
257 1988 298 2071 ὅ(
316 1991 511 2074 dormiunt
527 1989 638 2072 multi
659 2010 670 2070 .“
688 1986 810 2099 Qubd
825 1991 857 2074 si
877 2017 971 2075 nos-

156 2107 343 2219 metipsos
367 2106 694 2217 dijudicaremus,
723 2135 806 2190 non
834 2106 970 2215 utique

154 2220 458 2330 judicaremur.
500 2219 611 2302 Dum
639 2221 859 2328 judicamur
897 2250 972 2304 au-

153 2355 256 2449 tam,
283 2339 304 2418 ὲ
329 2332 514 2418 Domino
531 2337 792 2447 corripimur,
818 2358 862 2421 ut
888 2365 972 2420 non

154 2475 247 2532 cum
274 2448 349 2533 hoc
379 2452 531 2537 mundo
562 2449 817 2536 damnemur.

147 2565 211 2656 R.
234 2561 430 2648 ,Christus
448 2562 571 2648 factus
585 2588 643 2649 est
659 2595 732 2679 pro
744 2562 856 2650 nobis
874 2563 972 2652 obe-

154 2679 269 2764 diens
286 2709 409 2790 usque
437 2678 487 2764 ad
503 2702 692 2764 mortem:
708 2707 872 2768 mortem
901 2713 973 2767 au·

154 2815 235 2878 tem
269 2791 431 2880 Crucis.

154 2903 210 3013 V·
242 2911 405 3022 Propter
433 2911 565 3017 quod,
584 2904 634 2992 ’ἃ
650 2909 766 2997 Deus
794 2910 974 3001 exaltavit

151 3023 294 3125 illum,
319 3023 485 3108 &dedit
503 3023 744 3133 illimmen,
771 3028 882 3141 quod
914 3050 974 3111 est

153 3167 274 3257 super
302 3167 632 3258 omnenomen.
