2070 3774
152 113 194 196 ,8
425 115 636 203 Dominica
819 210 821 215 ,

108 229 323 339 Sequentia
339 232 459 316 sancti
475 229 678 347 Evangelii
704 233 923 320 eecundlrm

163 345 404 432 Matthaeum
424 407 435 430 .
673 346 867 463 Capsam

155 462 196 544 Ν
223 461 294 545 illo
323 486 496 577 tempore
528 493 538 544 ε
572 455 680 545 Cltm
711 460 927 579 appropin-

173 603 328 688 quastet
342 584 449 689 lesus
479 576 757 690 jerosolymis,
786 578 827 659 dt
855 606 928 664 ve-

103 689 225 776 nisset
239 693 471 810 Bethphage
490 693 541 780 ad
552 693 736 778 Montem
752 689 898 780 Olive'ti
914 725 926 776 t

108 823 206 893 tunc
237 809 343 892 mitit
372 809 470 894 duos
501 808 712 921 discipulos
739 837 857 910 tuos,
873 808 929 892 di·

104 949 196 1007 cem
211 926 269 1009 eir
286 956 296 1006 ε
315 927 369 1009 lte
386 925 429 1009 in
447 921 665 1009 Castellum
679 984 692 1024 ,
706 925 816 1035 quod
830 952 930 1008 con·

102 1062 166 1124 tra
189 1066 263 1123 vor
292 1063 379 1124 ettr
409 1040 450 1121 dr
477 1040 606 1124 atatim
636 1038 841 1124 invenietis
862 1040 933 1124 ai

104 1180 195 1236 nam
210 1155 427 1268 alligatam,
442 1154 651 1268 &pullum
665 1181 754 1238 cum
769 1184 838 1239 ea:
856 1154 931 1238 rol·

101 1267 203 1368 vite,
219 1267 260 1348 dt
277 1268 456 1357 adducite
473 1268 571 1354 mihi
585 1271 654 1353 .Et
667 1271 700 1354 ai
716 1270 803 1379 quis
816 1265 931 1356 vobit

102 1382 256 1495 aliquid
270 1384 438 1489 dixerit,
453 1384 571 1471 dicite
589 1416 599 1465 ε
618 1385 711 1496 quia
726 1384 931 1468 Dominus

103 1498 168 1583 hia
184 1530 283 1615 opus
299 1497 416 1586 habet
432 1533 443 1583 t
459 1499 500 1581 d
526 1497 729 1589 confestim
759 1498 930 1584 dimittet

103 1643 201 1701 eos.
226 1620 316 1701 Hoc
350 1637 479 1702 autem
512 1636 640 1700 totum
667 1614 813 1699 factum
842 1637 930 1716 ert,

105 1755 152 1814 ut
183 1731 490 1846 adimpleretur,
528 1727 637 1840 quod
680 1728 829 1813 dictum
871 1750 931 1814 ear

132 1875 179 1934 et
204 1848 469 1965 Prophetam,
491 1846 684 1931 dicentem
701 1876 712 1928 r
729 1844 864 1929 Dicite
877 1846 932 1928 fi-

102 1873 174 2048 liae
200 1963 327 2052 Sion:
354 1965 459 2050 Ecce
486 1965 571 2048 Rex
599 1985 691 2045 tuus
717 1960 826 2045 venit
856 1955 928 2045 tibi

104 2103 354 2180 mansuetus,
383 2078 522 2165 redens
551 2103 670 2190 super
699 2074 929 2176 atinam&

103 2194 258 2309 pullum
282 2196 410 2279 filium
424 2191 642 2308 subjugalis
660 2250 672 2276 .
687 2193 834 2280 Etmtet
857 2221 929 2276 au-

102 2332 185 2395 tem
214 2310 395 2428 discipuli
412 2310 592 2397 lecerunt
622 2309 723 2397 sicut
739 2309 931 2423 praecepit

104 2426 184 2511 illis
204 2430 322 2536 Jerua
339 2430 413 2511 .Et
428 2425 676 2512 adduxerunt
699 2426 846 2509 asinam
860 2487 873 2527 ‚
887 2422 928 2507 ὅ(

104 2542 263 2659 pullum
295 2573 306 2626 ε
337 2540 378 2624 dt
408 2542 680 2656 imposuerant
709 2567 829 2654 super
857 2567 928 2624 eoa

102 2659 338 2745 ‘vestimenta
351 2686 423 2743 aua
436 2720 450 2758 ‚
463 2656 504 2739 dt
519 2687 611 2752 eum
633 2658 802 2768 desuper
816 2654 931 2742 sede-

105 2800 150 2863 te
186 2771 365 2860 fecerunt
396 2835 405 2852 .
437 2773 610 2859 Plurima
651 2774 782 2859 autem
817 2767 932 2863 turba

108 2911 329 2977 straverunt
348 2889 579 2975 vestimenta
591 2918 660 2973 sua
675 2889 715 2972 in
735 2887 826 2970 via.
850 2886 927 2969 Alii

108 3026 238 3093 autem
254 3003 456 3090 caedebant
477 3032 604 3089 ramos
633 3005 681 3089 de
698 2998 928 3099 arboribus,

107 3118 150 3211 dt
175 3116 398 3213 sternebant
424 3123 466 3211 in
489 3120 552 3214 via
570 3180 580 3206 .
595 3114 746 3206 Turbae
770 3136 927 3220 autem,

772 3259 863 3346 quae
