2070 3774
230 174 313 268 334
433 148 601 237 Sabbata
618 152 761 239 Sancto

173 270 336 386 Anttpn.
373 258 508 350 Credo
531 259 689 349 videre.
960 292 964 303 ·

451 386 619 466 Psalmus
649 386 718 467 26.
986 454 989 459 .

276 492 443 579 Ominus
474 493 708 579 illuminatio
738 516 855 591 mea,
881 494 925 579 ἃ
941 522 994 585 sa·

303 608 367 693 lus
393 639 509 696 mea:
526 614 680 720 *quem
697 605 877 693 timebat

173 725 376 813 Dominus
407 748 603 839 protector
627 726 722 810 vitae
747 747 847 808 meae
874 759 888 811 e
917 725 942 772 *
973 752 999 811 t-

176 872 257 956 quo
291 839 517 953 trepidabo.
993 910 996 915 .

174 958 295 1039 Dum
330 958 563 1072 appropiant
596 982 715 1071 snper
754 981 817 1038 me
853 984 994 1043 nocen-

174 1092 230 1159 tes
246 1100 257 1150 t
275 1071 299 1116 *
315 1094 360 1153 ut
377 1073 494 1158 edant
522 1097 656 1154 carnes
685 1097 788 1156 mens
806 1130 817 1153 .

174 1187 259 1295 Qui
283 1185 473 1271 tribulant
499 1213 562 1268 me
581 1186 727 1271 inimici
756 1188 860 1272 mei:
878 1183 905 1232 *
923 1185 989 1301 ipsi

175 1302 360 1389 infirmati
378 1323 488 1405 sunt,
515 1300 555 1382 &
570 1302 820 1387 ceciderunt.

174 1417 224 1507 si
250 1418 461 1501 consistant
486 1418 695 1502 adversltm
721 1447 783 1502 me
801 1415 996 1503 castrat*

172 1557 256 1617 non
288 1532 441 1618 timebit
472 1558 542 1614 cor
568 1561 720 1617 meum.

169 1647 229 1736 Si
247 1671 414 1763 exurgat
431 1644 637 1731 adversum
661 1674 724 1730 me
746 1647 935 1765 praelium
952 1646 998 1733 ι*

174 1756 309 1848 inhoc
331 1791 410 1877 ego
439 1759 622 1874 sperabo.

177 1876 319 1962 Unam
345 1877 441 1994 petii
470 1879 492 1960 al
517 1875 718 1978 Domino,
747 1877 845 1964 hanc
865 1885 1000 1992 requi·

175 2016 260 2075 ram
285 2025 296 2075 ι
324 1987 349 2038 *
376 2015 421 2075 ut
449 1989 662 2076 inhabitem
693 1993 734 2076 in
763 1995 887 2081 domo
912 1996 1027 2087 Dor

175 2106 292 2207 mini,
321 2102 504 2190 omnibus
521 2105 659 2192 diebus
673 2107 768 2192 vitae
785 2136 914 2196 mese.

176 2220 244 2304 Ut
272 2218 427 2308 videam
456 2217 697 2336 voluptatem
731 2221 898 2312 Domini
934 2255 947 2307 t
977 2228 997 2276 *

176 2331 217 2414 ὅ(
243 2335 398 2423 visitem
431 2338 623 2451 templum
649 2344 758 2448 ejus.
984 2422 987 2427 .

86 2451 92 2461 '
175 2450 390 2561 Quoniam
420 2447 623 2540 abscondit
645 2481 710 2536 me
740 2455 782 2538 in
816 2451 996 2545 taberna·

175 2565 269 2666 culo
296 2594 392 2653 suot
409 2568 433 2609 '¹‘
449 2566 490 2650 in
508 2568 572 2654 die
603 2568 793 2654 malorum
823 2572 995 2685 protexit

177 2707 241 2766 me
261 2682 302 2766 in
319 2679 551 2769 abscondito
573 2682 813 2771 tabernaculi
841 2688 902 2772 sni
925 2748 937 2772 .

181 2801 234 2880 ln
256 2819 368 2910 petra
399 2796 584 2885 exaltavit
599 2828 662 2885 me
679 2832 689 2882 ε
708 2799 732 2893 ἶ*
748 2799 787 2884 ἀ
804 2830 913 2888 nunc
931 2832 995 2890 ex·

178 2909 313 2998 ultavit
351 2934 468 3030 caput
504 2943 637 3001 meum
665 2942 783 3033 super
822 2917 996 3013 inimicos

180 3055 311 3110 meos.
776 3062 780 3069 ·

175 3142 362 3239 circuivi
398 3204 411 3248 ,
447 3140 488 3227 ἅ
524 3145 721 3236 immolavi
750 3147 791 3234 in
816 3145 993 3239 taberna·

876 3295 946 3351 cu·
