2070 3774
162 238 221 319 80
395 226 653 337 Fet-{aquino

104 347 363 438 tabernaculis
390 375 528 436 eorum
553 353 732 458 nonsit,
756 356 822 464 qui
855 358 912 443 in.

58 549 64 559 .
102 463 280 565 habitet.
645 502 647 507 v

104 576 310 686 Quoniam
328 611 445 697 quem
459 606 504 667 tu
519 581 740 699 percussisti
751 640 764 683 ‚
775 608 912 696 perse.

105 700 184 783 cuti
207 724 299 786 aunt
315 732 326 782 ε
343 698 367 745 *
385 698 426 780 dc
440 727 558 812 nuper
573 697 751 784 dolorem
766 697 910 786 vuine-

102 836 194 899 rum
207 843 385 899 meorum
403 814 666 899 addiderunt.

105 927 275 1044 Appone
304 929 546 1041 iniquitatem
580 951 699 1041 super
719 927 915 1039 iniquita-

100 1061 183 1173 rem
212 1072 349 1130 eorum
365 1043 419 1126 r*
431 1042 564 1132 &non
581 1046 724 1130 intrent
741 1043 782 1129 in
797 1048 915 1159 justi-

24 1224 27 1229 2
105 1179 199 1257 tram
224 1182 360 1246 tuam.

102 1266 334 1360 Deleantur
355 1277 403 1361 de
422 1272 521 1360 libro
548 1274 795 1361 viventium:
814 1273 839 1324 *
873 1274 916 1358 dr

103 1395 194 1486 adm
209 1392 321 1502 justis
338 1421 421 1479 non
437 1387 680 1476 scribantur.
712 1394 722 1399 ‘'

104 1500 199 1623 Ego
228 1534 315 1591 rum
341 1535 514 1623 pauper,
529 1505 570 1587 dt
584 1505 747 1592 dolens:
766 1506 790 1553 *
805 1508 912 1596 salus

103 1642 172 1723 tua
187 1683 200 1724 ,
214 1623 326 1708 Deua
340 1683 353 1727 ‚
366 1625 537 1735 succepit
552 1650 616 1708 me
637 1679 648 1706 .

102 1735 296 1822 Laudabo
324 1765 470 1823 nomen
484 1739 562 1821 Dei
579 1764 669 1825 cum
698 1738 849 1825 cantico
864 1769 875 1821 r
889 1733 915 1783 ‘⁸

103 1847 145 1945 ὅ(
160 1851 422 1969 magnificabo
437 1880 528 1938 eum
543 1854 583 1938 in
600 1848 740 1938 laude.

103 1968 160 2055 Et
189 1966 358 2087 placebit
378 1968 473 2054 Deo
497 1978 625 2083 super
644 1964 814 2053 vitulum
839 1993 914 2052 no-

104 2083 278 2171 vellum:
301 2083 326 2132 *
352 2111 500 2173 cornua
526 2082 837 2200 producentem,
872 2081 914 2162 dc

104 2203 302 2312 ungulas.

105 2315 284 2402 Videant
320 2331 540 2431 pauperes,
569 2310 611 2394 ἃ
642 2314 855 2402 laetenturr
890 2319 916 2368 *

132 2433 272 2517 uaerite
283 2432 430 2534 Deum,
441 2431 483 2514 dr
495 2431 603 2541 vivet
615 2431 744 2516 anima
756 2454 883 2519 vestra
901 2495 913 2521 .

106 2458 314 2657 {uoniam
342 2546 540 2635 exaudivit
564 2570 758 2663 pauperes
774 2546 920 2634 Domi-

106 2689 206 2745 nus:
226 2664 266 2746 dr
283 2664 434 2750 vinctos
450 2688 640 2752 euoenon
656 2663 852 2778 despexit.
912 2669 913 2674 '

107 2779 294 2866 laudent
311 2779 420 2865 illum
437 2777 525 2866 caeli
537 2837 552 2881 ‚
566 2773 606 2859 dt
621 2798 727 2867 terra
738 2804 752 2860 e
764 2780 915 2884 ³¹mare,

104 2888 147 2974 dr
164 2896 294 2983 omnia
310 2893 463 3009 reptilia
478 2894 519 2979 in
536 2893 593 2978 eia
610 2952 622 2978 .

106 3003 313 3120 Quoniam
329 3010 443 3097 Deua
458 3008 604 3096 salvam
616 3004 733 3095 faciet
748 3009 870 3099 Sion:
889 3008 916 3057 '¹‘

106 3119 149 3217 ἃ
167 3122 465 3229 aedificabuntur
480 3125 656 3212 civitates
672 3127 798 3234 Juda'.
829 3166 832 3172 ⁴

109 3246 164 3331 Et
193 3237 460 3331 inhabitabunt
488 3236 542 3331 ibi
556 3268 569 3326 t
583 3235 660 3324 *dt
684 3237 914 3334 haereditate

106 3361 307 3475 acquirent
322 3385 434 3451 eam·
799 3358 857 3442 Et
