2070 3774
162 218 246 338 1‘48
500 217 640 304 Psalmi

104 331 223 445 Quia
263 333 391 424 dixi·
421 332 483 421 Ne
517 334 675 450 quancso
707 358 917 451 supergau

102 453 225 543 deant
252 451 390 538 mihi
380 453 526 539 mimici
552 454 671 540 mei·
702 449 727 500 ’¹‘
752 451 793 534 δι
824 454 920 537 dum

105 592 403 657 commoventur
429 569 549 686 pedes
575 571 684 674 mei,
709 595 828 686 super
853 598 917 654 me

104 709 251 800 magna
279 685 399 770 locuti
428 709 548 807 sunt

107 796 313 908 Quoniam
355 825 436 912 ego
486 800 529 885 in
569 795 724 932 flagella
766 821 920 914 paratus

104 932 221 1000 sum·
210 913 327 997 ·*&
357 916 474 1003 dolon
498 941 608 1002 meus
637 914 678 999 in
708 938 921 1034 conspectu

104 1057 197 1117 meo
226 1059 407 1167 semper
526 1117 529 1122 ,

109 1141 353 1255 Quoniam
343 1145 587 1258 iniquitatem
615 1170 741 1228 meam
769 1173 922 1229 annun

108 1258 243 1347 ciabb:
257 1260 334 1344 *δι
350 1257 535 1374 cogitabo
549 1285 624 1373 pro
635 1283 801 1373 peccato
814 1288 921 1345 meo

68 1482 71 1487 ,
112 1377 270 1465 Inimici
299 1400 429 1464 autem
456 1375 533 1459 mei
560 1374 725 1474 vivunt,
753 1371 793 1454 δι
824 1403 923 1460 con·

107 1486 253 1578 firmati
270 1502 495 1606 eunteuper
510 1515 603 1573 me.
592 1483 701 1570 *·&
727 1488 922 1604 multipli-

109 1610 185 1693 cati
208 1633 340 1710 sunt,
378 1608 445 1719 qui
472 1607 641 1692 oderunt
666 1633 728 1686 me
758 1605 922 1716 inique.

111 1719 198 1832 Qui
226 1721 448 1810 retribuunt
473 1721 575 1807 mala
598 1743 673 1852 pro
699 1717 830 1820 bonis,
859 1723 924 1807 de·

105 1830 316 1926 trahebant
339 1837 509 1923 mihiz*
519 1833 707 1982 quoniam
732 1832 924 1948 sequebar

109 1951 342 2040 bonitatem

106 2065 181 2152 Ne
210 2070 455 2179 derelinquas
486 2083 579 2172 me,
607 2063 782 2153 Domine
811 2065 924 2160 Deus

108 2207 220 2266 meus
248 2210 259 2260 ι
285 2183 309 2230 *
337 2183 388 2269 ne
418 2181 689 2268 discesseris-u
714 2211 803 2269 me.

113 2297 308 2409 Intende
300 2328 341 2382 m
365 2296 605 2406 adjutorium
617 2317 779 2382 meum:
768 2294 818 2350 *
833 2299 923 2387 Do·

64 2479 66 2483 .
103 2412 216 2500 'mine
235 2414 348 2500 Deus
375 2411 510 2501 salutis
534 2436 663 2499 meae.

376 2529 551 2614 Psalmus
582 2554 651 2637 50.

243 2647 387 2729 lserere
416 2669 494 2730 me1
482 2639 645 2726 Deus:
665 2639 924 2731 *seeundum

252 2783 440 2870 magnam
464 2758 769 2844 misericordiam
787 2781 927 2842 tuam.

56 2974 60 2979 ,
100 2870 172 2956 ‘Et
198 2873 416 2959 secundum
442 2873 735 2958 multitudinem
761 2875 926 2959 misera-

112 2977 268 3073 tionum
304 3011 489 3116 tuarum·
476 2983 533 3038 ·*
559 2987 691 3074 dele
681 2987 927 3100 miquitatem

111 3111 267 3191 meam.

100 3217 299 3338 Amplius
315 3217 401 3305 lava
414 3240 479 3309 me
495 3215 569 3307 ab
559 3219 761 3332 iniquitate
776 3221 927 3419 ngeaz*

844 3366 867 3422 a
