2070 3774
152 174 245 285 ‘130
423 155 536 245 Ferla
551 159 687 272 quinia

100 312 203 400 que:
218 285 244 333 ¹⁶
272 287 296 372 zi
324 280 413 399 lege
439 300 570 370 sutem
591 301 661 370 tua
685 308 769 369 non
793 278 911 371 decii·

103 402 218 493 navi.

113 508 271 602 Memor
294 511 352 600 fui
381 514 618 626 judiciortun
633 520 829 603 tuorumti
855 541 912 605 se-

102 631 219 734 culo,
238 627 472 717 Dominez*
496 629 776 721 &consolatus
798 659 912 719 sum.

111 740 299 835 Defecso
327 747 454 832 tenuit
480 773 563 831 me:
578 751 603 795 '⁸
627 775 704 861 pro
731 772 915 865 peccato·

105 859 216 950 ribus
245 858 603 972 derelinquentibus
628 865 759 977 legem
785 889 916 951 tuam.

112 971 339 1066 cantabiles
366 978 464 1062 mihi
492 1000 603 1064 erant
623 982 917 1092 justificationes

104 1116 186 1183 tuse
200 1122 211 1175 ε
225 1093 303 1180 *in
334 1093 423 1180 loco
438 1097 763 1208 peregrinationis
786 1123 915 1181 mese.

109 1206 267 1298 Memor
295 1207 355 1297 fui
384 1233 499 1296 nocte
515 1210 683 1295 nominis
713 1213 796 1312 tui,
826 1211 914 1295 Do-

103 1327 238 1412 mine:
257 1327 282 1374 ’¹‘
311 1324 352 1407 ἃ
384 1324 576 1411 custodivi
609 1323 736 1440 legem
764 1350 872 1411 tuam
902 1383 915 1410 .

48 1461 51 1465 ’
111 1441 214 1530 H-sec
229 1439 333 1560 facts
346 1464 405 1529 est
417 1439 514 1526 mihi
532 1468 546 1523 t
562 1439 587 1489 '¹‘
616 1443 709 1554 quia
730 1442 916 1558 justifica·

102 1560 231 1648 t't‘ones
258 1581 344 1644 tuas
371 1555 587 1668 exquisivi.

110 1672 246 1761 Portio
275 1701 388 1776 mea,
413 1673 587 1759 Domine
603 1701 616 1756 ε
632 1669 658 1720 '¹‘
685 1669 765 1759 dixi
793 1694 918 1760 custo

109 1792 193 1879 dire
224 1787 355 1904 legem
387 1812 526 1874 tuam.

112 1899 360 2020 Deprecatus
383 1931 471 1988 sum
494 1901 635 1988 faciem
658 1927 766 1989 tuam
792 1907 835 1991 in
862 1930 921 1992 to-

106 2047 154 2110 to
166 2018 291 2108 corde·
302 2048 393 2105 meo
409 2051 421 2102 ε
438 2018 464 2063 *
478 2018 661 2129 miserere
690 2023 767 2106 mei
784 2050 922 2110 secun·

109 2142 207 2226 dum
237 2135 439 2245 eloquium
471 2155 614 2219 tuum.

100 2242 306 2366 ¹Cogitavi
322 2252 403 2334 vias
416 2277 548 2336 meas:
568 2250 593 2297 *
606 2249 646 2332 ἃ
662 2254 836 2340 converti
853 2280 921 2368 pe·

109 2363 179 2454 des
205 2391 314 2450 meos
342 2367 384 2481 in
408 2367 626 2453 testimonia
653 2390 744 2454 tua.

109 2479 271 2571 Paratus
285 2509 373 2566 sum
387 2541 400 2585 ,
416 2481 456 2564 8(
471 2510 555 2567 non
568 2508 656 2567 sum
674 2480 877 2571 turbatust
895 2480 920 2527 *

107 2620 155 2688 -ut
186 2596 405 2684 custodiam
435 2598 616 2685 mandata
648 2621 745 2686 tua.

112 2706 244 2798 Funes
272 2739 521 2824 peecatorum
548 2712 804 2827 circumplexi·
829 2737 925 2798 sunt

97 2856 175 2934 3me
185 2857 195 2907 ε
207 2826 231 2876 *
243 2826 283 2910 ὅ(
297 2829 425 2944 legem
439 2852 545 2914 tuam
560 2858 640 2916 non
651 2856 740 2913 sum
753 2828 918 2914 oblitus.

108 2937 254 3069 Medis
276 2971 392 3032 nocte
419 2945 627 3064 surgebam
656 2945 707 3030 ad
734 2948 923 3032 confiten-

117 3065 212 3148 dum
239 3055 345 3147 tibi:
376 3061 402 3112 '¹‘
428 3092 549 3180 super
571 3064 718 3178 judicis
742 3062 924 3177 justifica-

103 3179 224 3271 tionis
249 3200 329 3263 tuoe
346 3237 361 3281 .,
501 3205 506 3212 ’

582 3265 585 3268 ’
665 3259 694 3418 Ι’
765 3286 864 3389 Pes
