2070 3774
352 215 414 306 Ad
430 189 630 300 Primam
777 247 858 336 125

109 350 221 431 e'tus
240 342 323 431 *in
339 363 423 464 toto
439 338 555 430 corde
572 329 789 472 exquirunt
797 348 921 426 eum':

101 372 297 549 don
230 458 380 624 enim&
397 461 464 573 qui
491 479 706 576 operantur
738 453 922 568 iniquita-

109 574 254 680 tem,*
269 578 312 664 in
329 578 401 663 viis
422 605 443 658 e
447 603 507 688 ,us
524 573 848 669 ambulaverunt.

102 690 181 780 Tu
212 694 431 780 mandasti:
441 688 659 783 *mandata
687 712 755 776 tua
793 709 924 787 custo·

112 809 256 897 diri
216 811 363 904 nimis.
617 881 621 890 .
992 884 1007 917 Ι

106 918 190 1005 U
164 951 283 1011 tmam
316 926 534 1041 dirigantur
567 924 645 1010 viae
677 949 807 1012 meae.
823 921 926 1014 *ad

113 1042 391 1129 oustodiendas
420 1041 708 1194 justificationes
734 1045 852 1128 tuas⁸

106 1156 230 1245 Tunc
260 1188 341 1244 non
371 1075 666 1245 coifundarz*
693 1165 785 1245 cum
815 1183 928 1273 pets-

141 1300 259 1360 exero
310 1305 351 1357 m
377 1271 557 1359 omnibus
586 1270 777 1359 mandatis
806 1274 927 1364 tuIs.

108 1299 361 1476 {enfitebor
401 1385 521 1472 tibi
510 1421 551 1472 1n
594 1387 807 1473 directione
837 1418 929 1477 cot·

116 1504 204 1588 dise
223 1504 248 1550 *
262 1506 393 1606 ineu,
407 1500 515 1615 quod
531 1504 647 1590 didici
676 1504 821 1616 judicia
848 1513 930 1621 jus·

114 1642 217 1705 tinae
244 1643 351 1706 tuac.

111 1736 413 1852 Justificationes
440 1755 526 1820 tuas
551 1738 795 1824 custodiam.
812 1732 933 1824 *non

115 1879 181 1937 me
208 1851 456 1988 derelinquas
481 1878 784 1965 usquequaque.

113 1975 166 2069 In
198 1998 281 2080 quo
310 1968 471 2083 corrigit
498 1967 782 2054 adolescentior
824 1966 932 2051 viam

115 2111 273 2172 suam
255 2084 277 2151 ‘2
302 2083 369 2131 *
359 2114 400 2168 m
433 2083 691 2170 custodiendo
732 2111 932 2174 sermones

119 2223 241 2286 tuos
639 2242 649 2266 ³

115 2299 183 2404 In
199 2335 284 2400 toto
306 2315 424 2400 corde
455 2343 546 2400 meo
574 2314 789 2428 exquisivi
780 2337 879 2401 te:

118 2431 171 2517 ne
195 2427 365 2546 repellas
395 2461 458 2516 me
487 2437 509 2518 ὲ
534 2432 726 2517 mandatis
754 2429 863 2517 tuis.

117 2556 169 2637 In
183 2547 303 2636 corde
322 2576 437 2632 meo
428 2544 610 2635 abscondi
631 2547 787 2658 eloquia
802 2541 934 2634 tuat*

120 2687 167 2767 ut
197 2694 279 2750 non
305 2692 465 2777 peccem
489 2657 587 2745 tibi.

114 2763 368 2869 Benedictus
389 2806 461 2881 es,
489 2777 693 2866 Domine:
715 2777 855 2867 *doce
871 2805 935 2864 me

115 2895 418 3030 justificationes
445 2918 555 2980 tuas

119 3018 176 3099 ln
205 3009 314 3120 labiis
336 3005 503 3148 meis3*
530 2976 787 3128 pronunciavi
774 3007 937 3103 omnia

125 3125 273 3235 judicia
300 3125 380 3211 oris
405 3129 491 3211 tui.

120 3243 180 3333 In
204 3245 272 3333 via
295 3242 603 3443 testimoniorlqm
630 3269 790 3340 tuorum
811 3247 940 3339 delec-

179 3408 201 3421 ··
594 3394 620 3483 3
824 3389 880 3476 ta-
