<?xml version="1.0" encoding="UTF-8"?>
<!DOCTYPE html PUBLIC "-//W3C//DTD XHTML 1.0 Transitional//EN"
    "http://www.w3.org/TR/xhtml1/DTD/xhtml1-transitional.dtd">
<html xmlns="http://www.w3.org/1999/xhtml" xml:lang="en" lang="en">
 <head>
  <title>
</title>
<meta http-equiv="Content-Type" content="text/html;charset=utf-8" />
  <meta name='ocr-system' content='tesseract 3.04.00' />
  <meta name='ocr-capabilities' content='ocr_page ocr_carea ocr_par ocr_line ocrx_word'/>
</head>
<body>
  <div class='ocr_page' id='page_1' title='image "./officiumhebdoma00churgoog_0093.png"; bbox 0 0 2070 3774; ppageno 0'>
   <div class='ocr_carea' id='block_1_1' title="bbox 101 220 921 808">
    <p class='ocr_par' dir='ltr' id='par_1_1' title="bbox 101 220 921 808">
     <span class='ocr_line' id='line_1_1' title="bbox 162 220 661 337; baseline 0.016 -32"><span class='ocrx_word' id='word_1_1' title='bbox 162 232 221 318; x_wconf 86' lang='lat'>86</span> <span class='ocrx_word' id='word_1_2' title='bbox 392 220 661 337; x_wconf 77' lang='lat' dir='ltr'>feriaquints‘</span> 
     </span>
     <span class='ocr_line' id='line_1_2' title="bbox 101 344 921 451; baseline -0.001 -16"><span class='ocrx_word' id='word_1_3' title='bbox 101 344 294 435; x_wconf 82' lang='lat' dir='ltr'>habitavit</span> <span class='ocrx_word' id='word_1_4' title='bbox 325 347 426 434; x_wconf 88' lang='lat' dir='ltr'>inter</span> <span class='ocrx_word' id='word_1_5' title='bbox 457 346 634 451; x_wconf 83' lang='lat' dir='ltr'><strong>Gentes,</strong></span> <span class='ocrx_word' id='word_1_6' title='bbox 666 378 739 436; x_wconf 90' lang='lat' dir='ltr'>nec</span> <span class='ocrx_word' id='word_1_7' title='bbox 769 347 921 434; x_wconf 81' lang='lat' dir='ltr'>invenit</span> 
     </span>
     <span class='ocr_line' id='line_1_3' title="bbox 103 462 918 580; baseline 0.002 -32"><span class='ocrx_word' id='word_1_8' title='bbox 103 467 308 578; x_wconf 81' lang='lat' dir='ltr'><strong>requiem.</strong></span> <span class='ocrx_word' id='word_1_9' title='bbox 343 462 494 552; x_wconf 89' lang='lat' dir='ltr'>Omnes</span> <span class='ocrx_word' id='word_1_10' title='bbox 524 491 792 580; x_wconf 73' lang='lat' dir='ltr'>persecutores</span> <span class='ocrx_word' id='word_1_11' title='bbox 829 470 918 575; x_wconf 85' lang='lat' dir='ltr'>ejus</span> 
     </span>
     <span class='ocr_line' id='line_1_4' title="bbox 103 581 919 701; baseline 0 -35"><span class='ocrx_word' id='word_1_12' title='bbox 103 582 451 701; x_wconf 79' lang='lat' dir='ltr'>apprehenderunt</span> <span class='ocrx_word' id='word_1_13' title='bbox 466 611 552 670; x_wconf 85' lang='lat' dir='ltr'>eum</span> <span class='ocrx_word' id='word_1_14' title='bbox 568 585 671 670; x_wconf 88' lang='lat' dir='ltr'>inter</span> <span class='ocrx_word' id='word_1_15' title='bbox 689 581 886 698; x_wconf 72' lang='lat' dir='ltr'>angustias</span> <span class='ocrx_word' id='word_1_16' title='bbox 907 639 919 665; x_wconf 85' lang='lat'><strong>.</strong></span> 
     </span>
     <span class='ocr_line' id='line_1_5' title="bbox 103 694 920 808; baseline 0 -29"><span class='ocrx_word' id='word_1_17' title='bbox 103 694 354 805; x_wconf 70' lang='lat' dir='ltr'>Jerusalem,</span> <span class='ocrx_word' id='word_1_18' title='bbox 372 699 605 808; x_wconf 76' lang='lat' dir='ltr'>Jerusalem,</span> <span class='ocrx_word' id='word_1_19' title='bbox 618 720 850 787; x_wconf 87' lang='lat' dir='ltr'>convertere</span> <span class='ocrx_word' id='word_1_20' title='bbox 868 695 920 781; x_wconf 82' lang='lat' dir='ltr'>sd</span> 
     </span>
    </p>
   </div>
   <div class='ocr_carea' id='block_1_2' title="bbox 107 810 926 1037">
    <p class='ocr_par' dir='ltr' id='par_1_2' title="bbox 107 810 926 1037">
     <span class='ocr_line' id='line_1_6' title="bbox 107 810 631 907; baseline 0.002 -10"><span class='ocrx_word' id='word_1_21' title='bbox 107 810 327 899; x_wconf 84' lang='lat' dir='ltr'>Dominum</span> <span class='ocrx_word' id='word_1_22' title='bbox 343 814 478 903; x_wconf 86' lang='lat' dir='ltr'>Deum</span> <span class='ocrx_word' id='word_1_23' title='bbox 492 837 631 907; x_wconf 83' lang='lat' dir='ltr'>tuum.</span> 
     </span>
     <span class='ocr_line' id='line_1_7' title="bbox 164 912 926 1037; baseline 0.004 -35"><span class='ocrx_word' id='word_1_24' title='bbox 164 924 214 1005; x_wconf 86' lang='lat' dir='ltr'>Et</span> <span class='ocrx_word' id='word_1_25' title='bbox 246 923 297 1005; x_wconf 72' lang='lat' dir='ltr'>itis</span> <span class='ocrx_word' id='word_1_26' title='bbox 331 922 516 1037; x_wconf 87' lang='lat' dir='ltr'>deinceps</span> <span class='ocrx_word' id='word_1_27' title='bbox 542 946 667 1033; x_wconf 88' lang='lat' dir='ltr'>usque</span> <span class='ocrx_word' id='word_1_28' title='bbox 696 919 750 1005; x_wconf 79' lang='lat' dir='ltr'>sd</span> <span class='ocrx_word' id='word_1_29' title='bbox 774 912 926 1005; x_wconf 77' lang='lat' dir='ltr'>Sabba-</span> 
     </span>
    </p>
   </div>
   <div class='ocr_carea' id='block_1_3' title="bbox 103 1036 926 1960">
    <p class='ocr_par' dir='ltr' id='par_1_3' title="bbox 103 1036 926 1821">
     <span class='ocr_line' id='line_1_8' title="bbox 103 1036 926 1137; baseline 0 -14"><span class='ocrx_word' id='word_1_30' title='bbox 103 1056 191 1123; x_wconf 81' lang='lat' dir='ltr'>tum</span> <span class='ocrx_word' id='word_1_31' title='bbox 218 1060 397 1122; x_wconf 85' lang='lat' dir='ltr'>sanctum</span> <span class='ocrx_word' id='word_1_32' title='bbox 428 1037 646 1137; x_wconf 67' lang='lat' dir='ltr'>inciusivd3</span> <span class='ocrx_word' id='word_1_33' title='bbox 663 1036 926 1123; x_wconf 84' lang='lat' dir='ltr'>terminentur</span> 
     </span>
     <span class='ocr_line' id='line_1_9' title="bbox 104 1153 924 1271; baseline -0.001 -33"><span class='ocrx_word' id='word_1_34' title='bbox 104 1179 245 1238; x_wconf 88' lang='lat' dir='ltr'>omnes</span> <span class='ocrx_word' id='word_1_35' title='bbox 275 1156 385 1239; x_wconf 91' lang='lat' dir='ltr'>Lect.</span> <span class='ocrx_word' id='word_1_36' title='bbox 419 1157 474 1265; x_wconf 18' lang='lat' dir='ltr'>de·</span> <span class='ocrx_word' id='word_1_37' title='bbox 500 1153 698 1271; x_wconf 86' lang='lat' dir='ltr'>Propheta</span> <span class='ocrx_word' id='word_1_38' title='bbox 728 1154 924 1271; x_wconf 82' lang='lat' dir='ltr'>Jeremia.</span> 
     </span>
     <span class='ocr_line' id='line_1_10' title="bbox 104 1265 922 1384; baseline 0.002 -28"><span class='ocrx_word' id='word_1_39' title='bbox 104 1265 163 1374; x_wconf 72' lang='lat' dir='ltr'>Bt·</span> <span class='ocrx_word' id='word_1_40' title='bbox 197 1274 242 1357; x_wconf 85' lang='lat' dir='ltr'>ln</span> <span class='ocrx_word' id='word_1_41' title='bbox 268 1296 401 1384; x_wconf 86' lang='lat' dir='ltr'>monte</span> <span class='ocrx_word' id='word_1_42' title='bbox 425 1272 572 1360; x_wconf 81' lang='lat' dir='ltr'>Oliveti</span> <span class='ocrx_word' id='word_1_43' title='bbox 604 1274 735 1359; x_wconf 81' lang='lat' dir='ltr'>oravit</span> <span class='ocrx_word' id='word_1_44' title='bbox 763 1274 814 1358; x_wconf 87' lang='lat' dir='ltr'>ad</span> <span class='ocrx_word' id='word_1_45' title='bbox 849 1277 922 1359; x_wconf 79' lang='lat' dir='ltr'>Ps-</span> 
     </span>
     <span class='ocr_line' id='line_1_11' title="bbox 107 1390 923 1505; baseline -0.006 -28"><span class='ocrx_word' id='word_1_46' title='bbox 107 1410 234 1477; x_wconf 78' lang='lat' dir='ltr'>trem=</span> <span class='ocrx_word' id='word_1_47' title='bbox 262 1390 399 1494; x_wconf 78' lang='lat' dir='ltr'>Pater,</span> <span class='ocrx_word' id='word_1_48' title='bbox 415 1393 447 1476; x_wconf 83' lang='lat' dir='ltr'>si</span> <span class='ocrx_word' id='word_1_49' title='bbox 472 1390 558 1476; x_wconf 87' lang='lat' dir='ltr'>fieri</span> <span class='ocrx_word' id='word_1_50' title='bbox 580 1413 733 1505; x_wconf 83' lang='lat' dir='ltr'>potest,</span> <span class='ocrx_word' id='word_1_51' title='bbox 757 1410 923 1474; x_wconf 81' lang='lat' dir='ltr'>transeat</span> 
     </span>
     <span class='ocr_line' id='line_1_12' title="bbox 107 1501 923 1623; baseline -0.005 -31"><span class='ocrx_word' id='word_1_52' title='bbox 107 1508 209 1592; x_wconf 66' lang='lat' dir='ltr'>ime</span> <span class='ocrx_word' id='word_1_53' title='bbox 225 1501 324 1591; x_wconf 80' lang='lat' dir='ltr'>culix</span> <span class='ocrx_word' id='word_1_54' title='bbox 340 1507 426 1623; x_wconf 68' lang='lat' dir='ltr'>iste.</span> <span class='ocrx_word' id='word_1_55' title='bbox 439 1505 606 1620; x_wconf 80' lang='lat' dir='ltr'>Spiritus</span> <span class='ocrx_word' id='word_1_56' title='bbox 618 1506 777 1616; x_wconf 90' lang='lat' dir='ltr'>quidem</span> <span class='ocrx_word' id='word_1_57' title='bbox 790 1533 923 1615; x_wconf 89' lang='lat' dir='ltr'>prom·</span> 
     </span>
     <span class='ocr_line' id='line_1_13' title="bbox 109 1604 924 1756; baseline -0.001 -53"><span class='ocrx_word' id='word_1_58' title='bbox 109 1604 202 1756; x_wconf 48' lang='lat' dir='ltr'>ppus</span> <span class='ocrx_word' id='word_1_59' title='bbox 218 1642 304 1720; x_wconf 86' lang='lat' dir='ltr'>est,</span> <span class='ocrx_word' id='word_1_60' title='bbox 319 1644 561 1709; x_wconf 82' lang='lat' dir='ltr'>curoautetn</span> <span class='ocrx_word' id='word_1_61' title='bbox 577 1622 731 1709; x_wconf 83' lang='lat' dir='ltr'>infirma</span> <span class='ocrx_word' id='word_1_62' title='bbox 746 1651 757 1702; x_wconf 75' lang='lat' dir='ltr'>s</span> <span class='ocrx_word' id='word_1_63' title='bbox 775 1621 800 1665; x_wconf 82' lang='lat'>&#39;¹‘</span> <span class='ocrx_word' id='word_1_64' title='bbox 832 1616 862 1695; x_wconf 83' lang='lat' dir='ltr'>F</span> <span class='ocrx_word' id='word_1_65' title='bbox 869 1621 924 1704; x_wconf 83' lang='lat' dir='ltr'>iet</span> 
     </span>
     <span class='ocr_line' id='line_1_14' title="bbox 110 1732 443 1821; baseline 0.006 -2"><span class='ocrx_word' id='word_1_66' title='bbox 110 1732 290 1820; x_wconf 81' lang='lat' dir='ltr'>voluntas</span> <span class='ocrx_word' id='word_1_67' title='bbox 308 1758 398 1821; x_wconf 83' lang='lat' dir='ltr'>tus·</span> <span class='ocrx_word' id='word_1_68' title='bbox 438 1735 443 1745; x_wconf 72' lang='grc'><strong>’</strong></span> 
     </span>
    </p>

    <p class='ocr_par' dir='ltr' id='par_1_4' title="bbox 105 1837 920 1960">
     <span class='ocr_line' id='line_1_15' title="bbox 105 1837 920 1960; baseline -0.002 -28"><span class='ocrx_word' id='word_1_69' title='bbox 105 1837 164 1947; x_wconf 61' lang='lat' dir='ltr'>ill.</span> <span class='ocrx_word' id='word_1_70' title='bbox 194 1850 489 1952; x_wconf 78' lang='lat' dir='ltr'>Veruntamen,</span> <span class='ocrx_word' id='word_1_71' title='bbox 504 1877 588 1935; x_wconf 87' lang='lat' dir='ltr'>non</span> <span class='ocrx_word' id='word_1_72' title='bbox 604 1849 704 1933; x_wconf 87' lang='lat' dir='ltr'>sicut</span> <span class='ocrx_word' id='word_1_73' title='bbox 718 1871 798 1960; x_wconf 85' lang='lat' dir='ltr'>ego</span> <span class='ocrx_word' id='word_1_74' title='bbox 810 1845 920 1932; x_wconf 84' lang='lat' dir='ltr'>volo:</span> 
     </span>
    </p>
   </div>
   <div class='ocr_carea' id='block_1_4' title="bbox 107 1959 923 2178">
    <p class='ocr_par' dir='ltr' id='par_1_5' title="bbox 107 1959 923 2178">
     <span class='ocr_line' id='line_1_16' title="bbox 107 1959 884 2050; baseline -0.005 0"><span class='ocrx_word' id='word_1_75' title='bbox 107 1960 183 2050; x_wconf 82' lang='lat' dir='ltr'>sed</span> <span class='ocrx_word' id='word_1_76' title='bbox 196 1963 298 2050; x_wconf 87' lang='lat' dir='ltr'>sicut</span> <span class='ocrx_word' id='word_1_77' title='bbox 315 1989 359 2050; x_wconf 89' lang='lat' dir='ltr'>tu</span> <span class='ocrx_word' id='word_1_78' title='bbox 371 1964 431 2050; x_wconf 86' lang='lat' dir='ltr'>vis</span> <span class='ocrx_word' id='word_1_79' title='bbox 449 2021 461 2045; x_wconf 85' lang='lat'><strong>.</strong></span> <span class='ocrx_word' id='word_1_80' title='bbox 488 1959 579 2050; x_wconf 79' lang='lat' dir='ltr'>Fiat</span> <span class='ocrx_word' id='word_1_81' title='bbox 594 1963 775 2049; x_wconf 79' lang='lat' dir='ltr'>voluntas</span> <span class='ocrx_word' id='word_1_82' title='bbox 790 1985 884 2048; x_wconf 86' lang='lat' dir='ltr'>tua.</span> 
     </span>
     <span class='ocr_line' id='line_1_17' title="bbox 398 2073 923 2178; baseline -0.004 -18"><span class='ocrx_word' id='word_1_83' title='bbox 398 2074 537 2160; x_wconf 85' lang='lat' dir='ltr'>Lectio</span> <span class='ocrx_word' id='word_1_84' title='bbox 551 2076 592 2162; x_wconf 92' lang='lat' dir='ltr'>ii.</span> <span class='ocrx_word' id='word_1_85' title='bbox 737 2073 923 2178; x_wconf 81' lang='lat' dir='ltr'>Daleth.</span> 
     </span>
    </p>
   </div>
   <div class='ocr_carea' id='block_1_5' title="bbox 9 2184 929 3437">
    <p class='ocr_par' dir='ltr' id='par_1_6' title="bbox 9 2184 927 2855">
     <span class='ocr_line' id='line_1_18' title="bbox 106 2184 927 2387; baseline 0.006 -114"><span class='ocrx_word' id='word_1_86' title='bbox 106 2185 275 2387; x_wconf 79' lang='lat' dir='ltr'>Vlae</span> <span class='ocrx_word' id='word_1_87' title='bbox 300 2191 399 2281; x_wconf 80' lang='lat' dir='ltr'>Sion</span> <span class='ocrx_word' id='word_1_88' title='bbox 429 2184 597 2305; x_wconf 82' lang='lat' dir='ltr'>lugent:</span> <span class='ocrx_word' id='word_1_89' title='bbox 625 2222 677 2281; x_wconf 93' lang='lat' dir='ltr'>eo</span> <span class='ocrx_word' id='word_1_90' title='bbox 704 2189 813 2305; x_wconf 78' lang='lat' dir='ltr'>quod</span> <span class='ocrx_word' id='word_1_91' title='bbox 842 2222 927 2278; x_wconf 90' lang='lat' dir='ltr'>non</span> 
     </span>
     <span class='ocr_line' id='line_1_19' title="bbox 234 2307 925 2420; baseline 0.004 -29"><span class='ocrx_word' id='word_1_92' title='bbox 234 2309 415 2420; x_wconf 87' lang='lat' dir='ltr'>sint‚qni</span> <span class='ocrx_word' id='word_1_93' title='bbox 443 2310 605 2396; x_wconf 84' lang='lat' dir='ltr'>veniunt</span> <span class='ocrx_word' id='word_1_94' title='bbox 630 2309 681 2396; x_wconf 85' lang='lat' dir='ltr'>ad</span> <span class='ocrx_word' id='word_1_95' title='bbox 707 2307 925 2395; x_wconf 84' lang='lat' dir='ltr'>solemnita-</span> 
     </span>
     <span class='ocr_line' id='line_1_20' title="bbox 109 2419 924 2539; baseline 0.006 -33"><span class='ocrx_word' id='word_1_96' title='bbox 109 2422 223 2506; x_wconf 80' lang='lat' dir='ltr'>tem.</span> <span class='ocrx_word' id='word_1_97' title='bbox 256 2419 405 2511; x_wconf 88' lang='lat' dir='ltr'>Omnes</span> <span class='ocrx_word' id='word_1_98' title='bbox 434 2446 559 2539; x_wconf 82' lang='lat' dir='ltr'>portae</span> <span class='ocrx_word' id='word_1_99' title='bbox 585 2431 670 2539; x_wconf 84' lang='lat' dir='ltr'>ejus</span> <span class='ocrx_word' id='word_1_100' title='bbox 687 2425 924 2528; x_wconf 75' lang='lat' dir='ltr'>destructte3</span> 
     </span>
     <span class='ocr_line' id='line_1_21' title="bbox 110 2533 927 2658; baseline 0.002 -34"><span class='ocrx_word' id='word_1_101' title='bbox 110 2533 339 2624; x_wconf 79' lang='lat' dir='ltr'>Sacerdotes</span> <span class='ocrx_word' id='word_1_102' title='bbox 362 2546 448 2652; x_wconf 80' lang='lat' dir='ltr'>ejus</span> <span class='ocrx_word' id='word_1_103' title='bbox 476 2565 707 2650; x_wconf 81' lang='lat' dir='ltr'>gementes:</span> <span class='ocrx_word' id='word_1_104' title='bbox 737 2543 927 2658; x_wconf 84' lang='lat' dir='ltr'>Virgines</span> 
     </span>
     <span class='ocr_line' id='line_1_22' title="bbox 9 2653 926 2773; baseline 0.012 -41"><span class='ocrx_word' id='word_1_105' title='bbox 9 2699 15 2714; x_wconf 88' lang='lat'><strong>·</strong></span> <span class='ocrx_word' id='word_1_106' title='bbox 112 2657 197 2760; x_wconf 88' lang='lat' dir='ltr'>ejus</span> <span class='ocrx_word' id='word_1_107' title='bbox 213 2653 450 2765; x_wconf 74' lang='lat' dir='ltr'>squallidus,</span> <span class='ocrx_word' id='word_1_108' title='bbox 467 2653 508 2737; x_wconf 75' lang='grc' dir='ltr'>ἃ</span> <span class='ocrx_word' id='word_1_109' title='bbox 526 2656 609 2770; x_wconf 84' lang='lat' dir='ltr'>ipsa</span> <span class='ocrx_word' id='word_1_110' title='bbox 622 2685 807 2773; x_wconf 84' lang='lat' dir='ltr'>oppressa</span> <span class='ocrx_word' id='word_1_111' title='bbox 825 2687 926 2744; x_wconf 83' lang='lat' dir='ltr'>atna-</span> 
     </span>
     <span class='ocr_line' id='line_1_23' title="bbox 105 2767 592 2855; baseline 0.006 -1"><span class='ocrx_word' id='word_1_112' title='bbox 105 2767 311 2855; x_wconf 73' lang='lat' dir='ltr'>ritudine.</span> <span class='ocrx_word' id='word_1_113' title='bbox 590 2791 592 2795; x_wconf 80' lang='grc'>’</span> 
     </span>
    </p>

    <p class='ocr_par' dir='ltr' id='par_1_7' title="bbox 103 2880 929 3345">
     <span class='ocr_line' id='line_1_24' title="bbox 103 2880 928 3004; baseline 0.005 -37"><span class='ocrx_word' id='word_1_114' title='bbox 103 2880 151 2962; x_wconf 91' lang='grc' dir='ltr'><strong><em>Η</em></strong></span> <span class='ocrx_word' id='word_1_115' title='bbox 161 2912 210 2967; x_wconf 87' lang='lat' dir='ltr'>e.</span> <span class='ocrx_word' id='word_1_116' title='bbox 230 2885 348 2970; x_wconf 80' lang='lat' dir='ltr'>&#39;Facti</span> <span class='ocrx_word' id='word_1_117' title='bbox 365 2908 457 2971; x_wconf 87' lang='lat' dir='ltr'>sunt</span> <span class='ocrx_word' id='word_1_118' title='bbox 472 2887 603 2971; x_wconf 89' lang='lat' dir='ltr'>hostes</span> <span class='ocrx_word' id='word_1_119' title='bbox 619 2889 703 2996; x_wconf 76' lang='lat' dir='ltr'>ejus</span> <span class='ocrx_word' id='word_1_120' title='bbox 720 2887 760 2972; x_wconf 90' lang='lat' dir='ltr'>in</span> <span class='ocrx_word' id='word_1_121' title='bbox 778 2888 928 3004; x_wconf 67' lang='lat' dir='ltr'>capite,</span> 
     </span>
     <span class='ocr_line' id='line_1_25' title="bbox 103 2997 928 3117; baseline 0.007 -34"><span class='ocrx_word' id='word_1_122' title='bbox 103 2997 255 3085; x_wconf 64' lang='lat' dir='ltr'>‘inimici</span> <span class='ocrx_word' id='word_1_123' title='bbox 283 3005 366 3112; x_wconf 76' lang='lat' dir='ltr'>ejus</span> <span class='ocrx_word' id='word_1_124' title='bbox 407 3002 646 3117; x_wconf 82' lang='lat' dir='ltr'>locupletati.-</span> <span class='ocrx_word' id='word_1_125' title='bbox 670 3027 765 3087; x_wconf 89' lang='lat' dir='ltr'>sunt</span> <span class='ocrx_word' id='word_1_126' title='bbox 792 3036 805 3087; x_wconf 70' lang='grc' dir='ltr'><strong>ε</strong></span> <span class='ocrx_word' id='word_1_127' title='bbox 836 3005 928 3115; x_wconf 85' lang='lat' dir='ltr'>quia</span> 
     </span>
     <span class='ocr_line' id='line_1_26' title="bbox 109 3113 929 3236; baseline 0.009 -41"><span class='ocrx_word' id='word_1_128' title='bbox 109 3113 310 3201; x_wconf 86' lang='lat' dir='ltr'>Dominus</span> <span class='ocrx_word' id='word_1_129' title='bbox 328 3118 481 3202; x_wconf 85' lang='lat' dir='ltr'>locutus</span> <span class='ocrx_word' id='word_1_130' title='bbox 496 3140 555 3204; x_wconf 86' lang='lat' dir='ltr'>est</span> <span class='ocrx_word' id='word_1_131' title='bbox 575 3144 696 3232; x_wconf 86' lang='lat' dir='ltr'>super</span> <span class='ocrx_word' id='word_1_132' title='bbox 710 3118 795 3207; x_wconf 86' lang='lat' dir='ltr'>euni</span> <span class='ocrx_word' id='word_1_133' title='bbox 808 3148 929 3236; x_wconf 87' lang='lat' dir='ltr'>prop·</span> 
     </span>
     <span class='ocr_line' id='line_1_27' title="bbox 107 3233 925 3345; baseline 0.009 -32"><span class='ocrx_word' id='word_1_134' title='bbox 107 3250 171 3317; x_wconf 84' lang='lat' dir='ltr'>ter</span> <span class='ocrx_word' id='word_1_135' title='bbox 212 3233 506 3324; x_wconf 86' lang='lat' dir='ltr'>multitudinem</span> <span class='ocrx_word' id='word_1_136' title='bbox 533 3235 779 3345; x_wconf 76' lang='lat' dir='ltr'>iniquitatum</span> <span class='ocrx_word' id='word_1_137' title='bbox 807 3239 925 3341; x_wconf 77' lang='lat' dir='ltr'>ejus.</span> 
     </span>
    </p>

    <p class='ocr_par' dir='ltr' id='par_1_8' title="bbox 770 3351 869 3437">
     <span class='ocr_line' id='line_1_28' title="bbox 770 3351 869 3437; baseline 0.03 -3"><span class='ocrx_word' id='word_1_138' title='bbox 770 3351 869 3437; x_wconf 85' lang='lat' dir='ltr'>Pat-</span> 
     </span>
    </p>
   </div>
   <div class='ocr_carea' id='block_1_6' title="bbox 0 0 1047 3774">
    <p class='ocr_par' dir='ltr' id='par_1_9' title="bbox 0 0 1047 3774">
     <span class='ocr_line' id='line_1_29' title="bbox 0 0 1047 3774; baseline 0 0"><span class='ocrx_word' id='word_1_139' title='bbox 0 0 1047 3774; x_wconf 95' lang='lat' dir='ltr'> </span> 
     </span>
    </p>
   </div>
  </div>
 </body>
</html>
