2070 3774
167 237 224 325 32
456 201 587 291 Passio

105 327 196 428 de,
225 323 266 408 dr
302 324 514 410 induerunt
542 353 633 410 eum
675 327 935 414 vestimentis·

106 447 221 554 ejus:
253 442 293 525 dt
322 443 520 526 duxerunt
550 470 667 542 eum,
696 465 742 527 ut
768 445 925 530 crucifi-

99 582 272 757 gerent.
299 560 497 643 Exeuntes
526 581 656 643 autem
686 556 927 645 invenerunt

136 676 308 759 ominem
344 669 627 782 Cyrenaeum,
655 675 815 760 nomine
859 674 928 762 si-

104 819 265 876 monem
282 791 411 874 :hune
439 789 766 904 angariaverunt,
787 796 832 874 ut
854 789 926 876 tol·

107 905 206 990 leret
235 902 410 992 Crucem
439 910 550 1013 ejus.
567 906 631 988 ‘Et
658 928 855 990 venerunt
881 904 926 991 in

107 1018 270 1127 locum,
299 1023 366 1132 qui
397 1019 542 1108 dicitur
556 1015 788 1134 Golgotha‚
816 1021 927 1134 quod

107 1157 168 1218 est
197 1132 394 1223 Calveriae
427 1139 561 1222 locus.
590 1137 641 1219 Et
668 1137 867 1223 dederunt
886 1139 925 1222 ei

106 1252 245 1336 vinum
273 1247 407 1342 bibere
439 1283 530 1341 cum
557 1248 647 1336 felle
662 1251 853 1336 mixtum.
877 1254 927 1340 Et

107 1373 198 1452 cum
227 1392 447 1483 gustasset,
476 1364 606 1452 noluit
633 1361 766 1454 bibere
784 1427 794 1449 ·
811 1372 924 1454 Post-

104 1481 225 1594 quam
252 1508 382 1573 autem
410 1484 688 1571 crucifixerunt
716 1512 840 1591 eum,
869 1485 925 1570 di·

104 1601 281 1685 viserunt
303 1602 534 1687 vestimenta
546 1603 633 1712 eius
647 1664 660 1704 ‚
675 1621 820 1685 sortem
836 1601 924 1686 mit-

104 1710 253 1804 tentes:
265 1737 310 1799 ut
323 1715 602 1833 adimpleretur
617 1780 630 1818 ,
645 1717 754 1826 quod
773 1713 924 1802 dictum

104 1853 165 1919 est
204 1858 277 1946 per
301 1834 563 1949 Prophetam,
593 1829 788 1916 dicentem
806 1853 826 1916 ε’
847 1831 925 1918 Dia

105 1949 281 2034 viserunt
295 1945 367 2036 sibi
380 1949 610 2042 vestimenta
622 1976 734 2050 mea,
750 1945 926 2063 &super

106 2089 257 2151 vestem
280 2090 411 2153 'meam
438 2066 627 2150 miserunt
656 2084 801 2147 sortem
831 2122 842 2144 .
871 2067 925 2151 Et

104 2183 283 2273 sedentes
296 2178 499 2269 servabant
511 2209 602 2265 eum
619 2239 629 2259 .
645 2181 696 2262 Et
723 2179 928 2293 imposue-

7 2339 10 2343 ’
105 2319 200 2379 runt
226 2322 344 2409 super
373 2321 491 2414 caput
518 2299 603 2403 ejus
625 2321 779 2401 causam
801 2295 928 2407 ipsius

105 2411 288 2524 scriptam
303 2443 314 2495 t
347 2413 424 2500 Hic
439 2408 497 2500 e'st
510 2414 619 2520 Jesus
634 2474 647 2514 ,
662 2412 748 2496 Rex
761 2412 927 2520 Judaeo⁴

105 2552 225 2616 rum.
253 2525 371 2613 Tunc
400 2525 584 2615 'cmcifixi
623 2549 715 2612 sunt
751 2556 844 2612 cum
875 2561 925 2616 eo

106 2641 189 2726 duo
201 2641 371 2728 iatrones
386 2677 397 2726 ε
412 2666 514 2730 unus
542 2647 563 2728 ti
579 2641 724 2730 dextris
738 2703 752 2743 ‚
766 2642 806 2723 δι
819 2664 924 2730 unus

105 2761 128 2842 d
152 2758 314 2842 sinistris
330 2817 340 2838 .
356 2761 638 2854 praetereuntes
665 2781 796 2844 autem
822 2757 921 2846 blas·

104 2869 342 2988 phemabant
373 2891 516 2980 eum,
550 2897 754 2961 moventes
796 2877 924 2991 capita

105 2987 257 3091 sua,.&
287 2990 459 3077 dicentes
473 2988 528 3076 :S
542 2990 660 3090 Vah,
674 2991 741 3101 qui
756 2987 923 3078 destruis

108 3104 319 3219 Templum
335 3106 412 3191 Dei
427 3106 492 3208 ‚dt
510 3103 551 3191 in
570 3106 708 3192 triduo
733 3103 834 3192 illud
861 3136 921 3193 rea

107 3222 305 3328 aedificem
332 3221 438 3315 salva
466 3222 712 3342 temetipsum
727 3255 738 3310 ε
753 3224 787 3353 si
782 3219 920 3423 {idm

472 3371 474 3375 ·
825 3369 861 3430 et
