2070 3774
156 222 215 309 82
387 216 498 307 Feria
515 219 653 330 qulnta

100 336 265 439 Antiph.
308 337 544 424 Avertantur
585 348 798 418 retrorsum
825 346 840 437 ,·
871 336 915 421 ἃ

103 452 440 564 erubescant‚qui
456 453 633 567 cogitant
646 448 742 534 mihi
758 450 886 538 mala.

105 564 387 683 AntiphDeus
400 596 535 653 meus.
657 569 827 654 Psalmus
843 601 916 684 70.

149 682 190 766 N
206 681 481 786 te,Domine‚
512 677 665 800 speravi
679 738 692 780 ‚
706 704 787 766 non
814 708 915 768 con-

165 796 309 884 fundar
338 801 382 884 in
408 822 626 886 aeterntun:
645 795 671 844 '¹‘
700 799 742 882 in
766 797 918 909 justitia

103 909 310 999 tuatibera
325 943 417 1016 me,
432 913 474 996 ὅ(
492 917 599 1028 eripe
614 937 678 998 me
698 971 710 996 .

107 1025 265 1115 Inclina
285 1029 337 1116 ad
358 1058 421 1113 me
439 1054 572 1116 aurem
588 1050 721 1113 tuam:
739 1024 764 1075 *
781 1024 824 1109 ὅ(
837 1027 918 1114 sal-

101 1168 152 1231 va
173 1170 263 1228 me.

45 1322 48 1326 -
102 1262 209 1344 Esto
237 1258 331 1344 mihi
358 1259 399 1344 in
410 1257 546 1343 Deum
563 1280 858 1370 protectorem
875 1256 918 1341 ὅ(

104 1372 148 1456 in
178 1371 309 1458 locum
333 1372 557 1460 munitum:
574 1371 654 1459 *ut
670 1373 824 1461 salvum
850 1403 914 1460 me

103 1483 255 1574 facias.

95 1605 319 1717 ,Quoniam
346 1604 631 1690 firmamentum
657 1629 788 1690 meum
805 1633 817 1687 ε
832 1603 857 1647 '⁴‘
873 1601 916 1686 &

103 1716 306 1835 refugium
338 1749 471 1804 meum
495 1747 537 1805 et
553 1743 625 1805 tu.

103 1834 225 1920 Deus
239 1862 350 1922 meus
367 1835 474 1950 eripe
493 1864 558 1919 me
576 1834 623 1921 de
637 1859 755 1918 manu
772 1857 915 1946 pecca-

106 1953 230 2034 toris:
261 1949 285 1998 *
316 1949 357 2032 ὅ(
389 1951 439 2032 de
474 1979 593 2036 manu
620 1972 758 2036 contra
785 1948 917 2059 legem

108 2095 132 2149 a
163 2066 284 2166 entis,
300 2063 340 2146 ἃ
365 2067 520 2178 iniqui.

106 2089 316 2292 &uoniam
345 2206 447 2267 tues
469 2179 653 2297 patientia
680 2207 796 2281 mea,
826 2179 918 2266 Do·

106 2292 211 2378 mine
231 2325 242 2377 r
259 2292 468 2382 *Domine
482 2357 496 2399 ‚
511 2324 600 2413 spes
625 2323 724 2382 mea·
739 2302 760 2386 ὲ
776 2301 918 2409 juven-

106 2426 189 2500 tute
207 2439 321 2494 mea.
724 2465 727 2469 -

112 2530 166 2613 ln
191 2545 229 2610 te
258 2521 510 2611 confirmatus
539 2553 628 2611 sum
660 2553 711 2609 ex
736 2520 849 2608 utero
865 2551 877 2602 z
891 2521 917 2569 *

107 2637 157 2725 de
188 2665 321 2727 ventoe
348 2642 481 2730 matris
508 2667 607 2727 mete
636 2661 738 2728 tues
764 2660 926 2753 proter-¹

106 2773 171 2838 tor
198 2784 333 2839 meus.

111 2874 166 2955 ln
196 2892 234 2953 te
267 2870 435 2956 cantatio
461 2896 550 2954 mea
575 2897 751 2986 semper:
766 2873 791 2917 ‘¹‘
816 2891 918 2954 tam-

105 3012 224 3094 quam
251 2985 479 3099 prodigium
496 2982 621 3075 factus
636 3014 726 3072 sum
747 2986 882 3071 multis
899 3016 915 3088 ;

102 3099 145 3180 ὅ(
164 3124 206 3186 tu
223 3101 379 3212 adjutor
389 3101 506 3186 ‘fortis
522 3161 533 3183 .

103 3219 319 3333 Repleatur
343 3245 388 3304 os
419 3245 554 3310 meum
583 3211 726 3337 laude)
745 3239 790 3301 ut
814 3243 913 3298 can-

469 3366 472 3371 ·
776 3354 855 3418 tem
