2070 3774
220 186 279 274 62
517 183 650 269 Passio

171 302 225 401 W.
250 299 360 415 Quia
382 299 612 389 defecerunt
629 302 729 390 sicut
743 296 875 385 sumtu
890 296 983 386 dies·

162 419 241 504 mei
255 447 267 500 ε
281 416 323 501 ἃ
338 446 425 511 ossa
438 447 527 505 mea
539 421 642 505 sicut
659 419 702 521 in
713 417 878 504 frixorio
893 442 985 527 con·-¹

167 535 268 624 frixa
294 556 415 619 sunt.
794 542 799 565 '

171 642 227 751 V.
252 653 461 738 Percussus
489 678 577 736 sum
601 651 703 737 sicut
728 647 915 748 foenum,
940 642 984 727 da

168 763 270 855 aruit
297 794 553 851 cormeum:
582 766 676 880 quia
710 761 864 851 oblitus
892 788 984 851 sum

168 882 404 967 manducare
430 911 573 996 panem
599 908 761 967 meum.

171 986 231 1093 ill.
253 994 322 1080 Tu
346 1024 588 1113 exsurgens,
603 997 806 1094 Domine,
830 993 985 1080 misere·

165 1104 270 1196 beris
281 1109 409 1199 Sion:
436 1114 532 1224 quia
556 1113 668 1201 venit
693 1135 850 1226 tempus
874 1108 985 1196 miso

168 1226 283 1315 rendi
312 1231 424 1339 ejus.

201 1341 337 1432 Passio
353 1340 518 1428 Domini
536 1343 660 1426 nostri
676 1346 769 1453 Jesu
787 1338 940 1427 Christi
976 1405 981 1413 ,

308 1461 530 1546 secundum
547 1459 718 1543 Lucam.
802 1530 805 1535 .
863 1471 900 1539 c'.
922 1480 992 1539 aa.

224 1575 267 1658 N
294 1573 376 1658 illo.
395 1598 571 1690 tempore
599 1605 611 1654 ε
639 1568 990 1687 Appropinquabut

236 1688 320 1775 dies
348 1687 470 1774 festus
498 1692 764 1799 Azymorum,
789 1688 857 1798 qui
884 1686 989 1771 dici-

168 1825 233 1887 tut
259 1804 434 1890 Pascha:
462 1802 504 1886 dc
531 1801 758 1916 quaerebant
784 1801 987 1916 Principes

168 1916 456 2019 sacerdotum,
482 1918 523 2000 dc
565 1915 714 2005 Scribas
742 1978 756 2019 ‚
783 1920 989 2030 quomodo

168 2032 303 2145 stum
331 2034 624 2122 interficerent.
653 2028 864 2125 Timebant
890 2028 988 2117 verb

167 2146 324 2264 plebem
355 2209 367 2231 .
398 2151 563 2235 intrauit
590 2172 722 2235 autem
750 2148 912 2236 Satanas
948 2149 990 2233 in

170 2265 339 2373 Judam‚
356 2267 423 2374 qui
455 2263 811 2380 cognominabatur
824 2265 991 2351 iscario-

169 2401 256 2479 tes,
283 2408 408 2463 unum
437 2384 487 2467 de
516 2382 757 2468 duodecim.
786 2385 837 2467 Et
865 2376 985 2482 abiit,

170 2493 212 2574 ἃ
228 2494 382 2578 locutus
400 2519 457 2581 est
479 2526 570 2583 cum
586 2494 831 2611 Principibus
845 2496 987 2584 Sacer-

170 2609 338 2710 dotum‚
366 2610 406 2692 n
437 2610 769 2725 Magistratibus,
795 2612 989 2725 quemad-

171 2729 331 2812 modum
364 2727 474 2810 iilum
505 2727 748 2816 tradereteis
767 2790 778 2813 .
796 2730 847 2813 Et
913 2728 987 2811 visi

168 2841 342 2942 sunt‚&
357 2845 459 2956 pacti
487 2869 579 2929 sunt
605 2844 812 2958 pecuniam
842 2844 870 2929 il
887 2843 900 2927 i
918 2843 992 2931 da-

171 2985 234 3044 re:
252 2957 293 3041 dt
307 2960 547 3074 spopondit.
565 2962 615 3044 Et
629 2960 830 3073 quaerebat
843 2988 993 3074 oppor-

170 3077 399 3176 tunitatem,
414 3101 458 3160 ut
474 3076 775 3165 traderetiilum
806 3073 892 3164 sine
908 3099 993 3160 tur-

121 3266 126 3285 ,
167 3184 258 3276 bis.
286 3193 409 3279 Venit
436 3218 566 3282 autem
596 3195 681 3285 dies
708 3197 987 3311 Az'ymorum,

885 3309 930 3401 in

869 3433 875 3467 ,
949 3438 954 3445 .
