2070 3774
332 196 663 285 Adlllatutinum
778 228 859 315 331

100 310 211 397 Vsu.
238 313 290 399 Et
331 316 458 424 major
500 308 642 401 effecta
684 330 744 398 est
786 315 927 424 iniqui·

104 448 163 516 tas
207 425 305 513 filiae
346 426 483 545 populi
527 431 605 519 mei
647 450 809 543 peccato
849 430 926 518 So-

105 543 313 626 domorum
360 576 372 628 :
416 573 510 656 quac
549 542 737 631 subversa
783 545 928 631 estin

104 685 306 747 momento
333 719 347 764 ,
373 658 414 742 δι
446 689 528 746 non
562 681 772 774 coeperunt
803 660 847 746 in
880 688 927 747 ea

104 799 273 860 manus.

101 888 236 973 Zain·
269 887 531 975 Candidiores
546 889 725 975 Nazaraei
756 893 841 1001 ejus
867 887 926 970 ni-

103 1026 189 1104 ve,
216 1004 423 1092 nitidiores
467 1005 564 1092 lacte
591 1001 928 1090 :rubicundiores

106 1111 226 1204 ebore
254 1127 416 1231 antiquo
429 1182 443 1224 ,
456 1119 642 1236 sapphiro
655 1119 926 1236 pulchriores.

104 1233 239 1318 lieth.
270 1237 490 1350 Denigrata
518 1258 575 1319 est
598 1262 718 1350 super
740 1231 929 1319 carbones

102 1343 224 1432 facies
249 1378 408 1451 eorum,
424 1351 465 1432 ὃ(
482 1378 563 1434 non
588 1373 681 1435 sunt
711 1349 861 1464 cogniti
888 1348 929 1432 iu

104 1459 271 1572 plateis:
286 1465 451 1551 adhaesit
475 1464 576 1549 cutis
594 1492 734 1551 eorum
750 1459 930 1566 ossibus,

104 1576 235 1678 aruit,
264 1577 305 1660 δι
331 1579 503 1668 factaest
536 1579 647 1690 quasi
664 1577 839 1695 lignum.
861 1584 929 1689 Je-

103 1691 305 1797 rusalem,
331 1695 586 1806 Jurusalem‚
615 1717 845 1783 convertere
876 1693 928 1779 ad

104 1799 325 1892 Dominum
340 1809 475 1894 Deum
491 1832 605 1892 tuum
626 1868 638 1891 .

106 1921 160 2015 lle.
194 1925 406 2030 Jerusalem
434 1927 554 2038 luge‚
583 1921 623 2004 ἃ
641 1944 796 2032 exuere
813 1921 933 2006 vesti·

100 2031 177 2121 bus
202 2040 487 2153 jucunditatise
507 2038 671 2123 indlrere
698 2039 859 2136 cinere,
888 2034 931 2116 δι

104 2153 248 2238 cilicio:
265 2152 290 2202 *
306 2148 413 2260 Quia
441 2154 545 2243 inte
572 2176 633 2238 est
660 2156 813 2240 occisus
841 2150 930 2238 Sal·

107 2291 218 2352 vator
250 2271 390 2355 lsrael.
846 2306 850 2315 ·
869 2298 874 2303 ·

108 2376 163 2481 lll.
193 2380 337 2471 Deduc
356 2385 465 2494 quasi
497 2402 711 2473 torrentem
737 2383 930 2490 lacrymas

106 2521 179 2608 per
206 2497 340 2600 diem,
368 2528 412 2582 ac
429 2522 586 2584 noctem
606 2534 617 2582 ε
637 2498 678 2579 ὅ(
695 2530 776 2586 non
808 2514 932 2581 taceat

121 2608 271 2726 pupilla
298 2614 404 2700 oculi
435 2615 523 2699 tui.
548 2612 687 2721 Quia.

400 2730 536 2812 Lectio
562 2729 615 2812 iii.
788 2726 927 2814 Teth.

233 2845 345 2929 Elius
361 2843 439 2926 fuit
471 2844 608 2928 occisis
636 2841 931 2959 gladio‚quaim

256 2960 466 3044 interfectis
497 2957 623 3045 farne:
653 2955 836 3071 quoniam
868 2958 932 3041 isti

108 3074 367 3164 extabuerunt
394 3079 614 3191 consumpti
658 3079 680 3160 ai
727 3072 931 3160 sterilitate
