2070 3774
337 213 401 304 Ad
417 215 685 306 Matutinu‘m
797 232 855 348 83

103 364 186 434 tem
204 338 374 459 gloriam
390 361 520 427 tuam·
509 335 660 428 ·*tota
675 328 739 428 die
760 347 917 465 magni-
1004 450 1009 465 „

103 460 286 548 tudinem
317 479 483 543 tuam..

99 569 172 658 Νὲ
194 573 390 739 projicias
403 600 469 657 me
487 570 531 658 in
547 593 720 706 tempore
736 599 919 663 senectu-

103 695 181 780 tia:
194 689 340 776 *cum
363 686 555 776 defecerit
582 689 707 777 virtua
723 717 842 799 mea,
866 686 918 780 n'e

105 808 352 918 derelinquas
380 834 479 890 me

105 913 223 1024 Quia
251 919 482 1010 dixerunt
471 919 616 1008 mimici
644 922 722 1006 mei
752 923 919 1010 mihi-²⁸

107 1038 149 1121 dr
179 1043 244 1152 qui
270 1033 538 1124 custodiebant
567 1035 732 1154 animam
763 1070 920 1147 menn,

104 1156 316 1243 consilium
339 1152 550 1239 fecerunt
539 1182 580 1235 m
594 1144 744 1237 unum

106 1268 171 1346 D
159 1292 308 1357 rcentes
323 1334 338 1376 ,
351 1272 464 1355 Deus
481 1266 690 1379 dereliquit
706 1278 812 1375 eum3
824 1301 917 1388 per

104 1387 342 1498 sequimini,
359 1384 400 1466 dc
417 1382 736 1518 comprehendite
758 1416 879 1474 eum:
867 1388 918 1440 ·*

106 1505 203 1691 guia
220 1531 301 1588 non
317 1524 402 1602 est,
418 1500 485 1615 qui
502 1500 671 1615 eripiat.

159 1616 322 1722 eumne}
354 1616 600 1726 elongeris
586 1642 740 1701 ame:
757 1613 922 1715 *Deua

106 1762 250 1840 meus,
268 1733 308 1818 in
333 1733 520 1819 auxilium
545 1753 686 1819 meum
694 1736 899 1849 respice.¹

106 1843 428 1936 Confundantur
455 1843 537 1949 ‚dc
582 1845 763 1932 deficiant
793 1852 924 1937 derra·
941 1947 943 1951 ,

103 1965 248 2050 hentes
290 1965 432 2052 animae
475 1986 615 2046 meae:
646 1959 671 2008 *
677 1966 924 2097 operiantur

109 2079 368 2188 confusione,
383 2079 423 2162 ὅ]
435 2076 639 2195 pudore,
629 2077 714 2190 qui
740 2107 925 2191 quaerunt

105 2197 213 2282 {nala
241 2196 390 2280 mihi..
564 2237 567 2241 ·

110 2304 209 2427 Ego
235 2335 365 2398 autem
378 2336 542 2430 semper
547 2264 741 2428 sperabo
731 2267 836 2428 *dc
851 2313 922 2402 ad-
1018 2308 1021 2312 ’

110 2429 241 2542 Jiciam
257 2455 375 2540 super
390 2455 547 2516 omnem
566 2430 721 2513 laudem
736 2422 918 2515 tuam.

106 2540 202 2632 Os
199 2572 344 2628 meum
373 2542 662 2629 annunciabit'
652 2545 838 2656 justitiam
863 2569 923 2631 tu-

109 2661 245 2744 am.³¹¹
261 2681 343 2743 tota
358 2657 422 2743 die
442 2659 609 2745 salutare
639 2683 775 2745 tuum

103 2769 322 2880 Quoniam
333 2801 414 2864 non
430 2775 604 2888 cognovi
629 2776 916 2861 litteraturam·
904 2838 919 2876 ‚

110 2884 321 2975 introibo
308 2921 352 2975 ιι]
372 2893 563 3003 potentias
574 2888 767 2976 Domini.
784 2889 809 2936 *
830 2887 920 2974 Do-

69 3057 73 3065 ·
103 3006 235 3106 mine,
249 3002 520 3092 memorabor
509 3007 669 3126 ιυιιίιίιε
683 3029 762 3092 tuae
775 3004 921 3092 solius.

111 3117 427 3220 Deus‚docuirti
442 3151 505 3208 me
522 3127 548 3210 b
561 3127 761 3232 juventute
778 3117 924 3204 mear*

110 3233 154 3317 dc
172 3263 296 3349 usque
310 3265 414 3328 nunc
437 3239 709 3356 pronunciabo
736 3231 926 3324 mirabilia

112 3372 233 3487 tua-¹
484 3353 528 3438 D
557 3356 586 3444 6
816 3341 878 3442 Et
