2070 3774
230 232 288 342 78
454 226 563 311 Feria
580 226 717 322 quinta

165 345 396 431 Extraneus
409 339 532 430 factus
545 367 632 426 sum
647 335 833 427 fratribus
843 346 984 432 meisa*

176 459 463 576 &peregrinus
480 455 724 545 filiismatris
740 484 839 542 meac
857 518 867 542 .

169 575 385 690 Quoniam
401 577 512 663 zelus
541 573 680 658 domus
708 597 789 658 tuoe
814 579 989 664 comedit

177 720 272 783 me:
299 688 324 739 *
350 690 392 772 dc
429 688 642 807 opprobria
666 690 989 806 exprobrantium

172 807 242 895 tibi
261 807 487 893 ceciderunt
504 833 703 924 superine
724 867 735 890 .

166 924 382 1037 Etoperui
400 922 441 1008 in
458 921 610 1037 jejunio
622 924 790 1019 animam
803 923 988 1020 meamt’*‘¹

175 1033 381 1124 &factum
405 1062 463 1123 est
485 1041 527 1122 in
540 1034 797 1151 opprobrium
812 1039 930 1124 mihi.

166 1156 227 1243 Et
254 1155 369 1269 posui
410 1155 684 1242 vestimentum
721 1184 857 1240 meum
900 1153 989 1246 cili-

174 1264 280 1354 cium
298 1267 346 1353 a*
363 1267 405 1352 ἃ
430 1269 556 1357 factus
581 1295 669 1355 sum
695 1267 773 1358 iilis
799 1272 843 1360 in
869 1298 988 1386 pars·

173 1383 334 1472 bolam.
487 1424 492 1436 ·
544 1450 578 1471 .,
941 1453 945 1461 ,

167 1505 399 1594 Adversum
428 1528 491 1586 me
519 1496 806 1611 loquebantur,
830 1503 900 1612 qui
921 1500 990 1590 se-'

176 1615 318 1706 debant
333 1617 374 1701 in
389 1600 551 1732 portat*
565 1615 607 1698 u
619 1616 662 1702 in
676 1644 739 1703 me
754 1613 989 1728 psallebant,

173 1737 242 1850 qui
255 1727 438 1821 bibebant
452 1734 591 1819 vinum
607 1793 620 1818 .

168 1855 266 1968 Ego
299 1844 398 1936 verb
428 1850 646 1936 orationem
669 1850 804 1933 ⁴susam
828 1846 882 1933 ad
914 1864 987 1955 te‚'

172 1966 361 2054 Dominea
376 1969 571 2080 *tempus
596 1961 831 2080 beneplaciti
847 1965 986 2051 Deus.

171 2091 227 2173 In
242 2080 492 2170 multitudine
508 2079 787 2167 misericordiae
804 2102 883 2167 tuae
916 2112 987 2169 ex·

173 2203 265 2284 audi
284 2228 349 2281 me
366 2229 378 2281 ε
396 2198 480 2283 *in
494 2198 659 2283 veritate
675 2195 813 2284 salutis.
824 2218 927 2281 tuae.

170 2316 301 2428 Eripe
328 2340 392 2398 me
411 2314 587 2414 deluto,
607 2332 751 2397 utnon
772 2313 913 2426 infigar
929 2346 942 2398 a
960 2313 986 2363 '¹‘

175 2424 297 2517 libera
312 2459 376 2514 me
393 2424 442 2512 ab
459 2429 532 2529 iis,
547 2427 616 2541 qui
644 2426 817 2514 oderunt
831 2457 894 2514 me
911 2490 925 2531 ‚
943 2429 986 2512 ὅ(

172 2545 222 2628 de
235 2541 442 2661 profundis
458 2569 672 2655 aquarum

167 2665 271 2750 Non
298 2689 362 2748 me
391 2660 597 2775 demergat
624 2679 832 2773 tempestas
845 2678 1010 2771 aquaeg·

172 2804 299 2888 neque
330 2771 535 2861 absorbeat
556 2802 624 2861 me
655 2771 929 2890 profundum:
960 2778 986 2822 '¹‘

171 2917 301 3004 neque
330 2913 473 3011 urgeat
509 2916 721 3009 superine
762 2910 907 3006 puteus
937 2907 986 2977 os

170 3036 312 3096 suum.

170 3122 327 3214 Exaudi
359 3150 423 3209 me
438 3181 451 3224 ‚
465 3120 667 3224 Domine,
693 3122 881 3234 quoniam
910 3117 986 3204 be-

144 3243 292 3356 ·nigoa
319 3261 379 3328 est
406 3237 674 3328 misericordia
696 3257 764 3327 tua
782 3235 990 3437 staremu-
