2070 3774
224 183 303 305 1644
359 188 469 273 Feria
482 216 518 272 v.
536 188 576 270 in
591 181 727 271 Coena
740 181 902 267 Domini

162 330 234 420 per
244 305 512 409 Dalmaticae,
539 303 604 414 (si
620 304 696 385 sint
712 294 979 407 Sacerdotes)

163 420 356 530 simulque
370 447 506 506 omnes
523 421 612 535 prae
626 414 803 502 manibus
820 434 977 498 teneant

163 535 374 638 mundam,
405 533 677 619 &honestam
715 555 896 644 mappam
926 529 978 613 ad

162 650 241 735 boc
268 674 554 764 praeparatam,
581 648 681 731 inter
704 645 978 745 Sacerdotem,

143 763 204 891 δὅ(
233 766 336 880 ipsos
371 765 700 851 communicantes
741 784 978 860 extensam,

25 893 27 897 ’
155 880 346 991 illamque
377 878 450 962 sub
481 903 648 979 nunno,
678 878 773 961 dum
803 905 982 960 commu0

164 996 324 1104 nicam,
354 991 538 1083 ambabus
569 991 748 1078 manibus
789 995 978 1076 elevent.

164 1112 324 1194 Interim
355 1113 451 1196 dum
480 1109 651 1194 Ministri
682 1105 833 1221 praefati
868 1137 978 1191 com-

163 1228 388 1327 municant,
403 1226 536 1310 caeteri
555 1227 703 1306 Fratres
721 1228 741 1307 a
756 1220 977 1332 Maioribus

162 1339 411 1455 incipiendo,
427 1339 450 1451 (
469 1335 742 1426 Sacerdotibus
760 1366 853 1420 curn.
867 1338 982 1421 stolia

161 1481 280 1570 super
292 1454 468 1568 cappas)
493 1451 618 1556 binis,
636 1482 679 1537 ac
693 1449 821 1554 binis,
837 1455 948 1567 gravi
966 1513 980 1555 ,

163 1568 205 1651 ὅ(
229 1574 412 1685 regulata
427 1568 579 1680 incessu
603 1566 820 1652 successiva
839 1596 980 1682 proce-

164 1685 372 1785 dentibus,
387 1708 474 1769 ante
505 1687 680 1771 medium
707 1684 847 1768 Altaria
872 1714 984 1770 acce·-

124 1869 126 1872 ι
165 1803 262 1888 dant
290 1833 302 1885 t
334 1795 414 1910 qub
443 1808 536 1885 cum
565 1798 834 1914 pervenerint,
862 1801 981 1882 simul

163 1917 267 2002 infra
296 1916 474 2000 infimum
497 1919 666 2029 gradum
685 1914 980 2000 inclinationem

163 2032 401 2148 profundam
441 2029 584 2117 faciant
612 2059 629 2132 ς
656 2030 696 2112 dt
723 2030 913 2115 Ministris
949 2037 981 2116 a

163 2175 354 2260 supremo
365 2148 494 2260 gradu
509 2145 815 2249 recedentibus,
842 2176 984 2233 ascen-

162 2263 337 2365 dentes,
364 2266 409 2348 in
432 2284 573 2349 eorum
601 2263 731 2348 locum
763 2267 978 2352 alternatim

86 2413 113 2457 κ
162 2379 411 2480 succedant,
445 2410 490 2464 ac
517 2381 660 2463 iterum
691 2377 744 2464 ibi
780 2381 976 2494 profunde

163 2493 377 2595 inclinent,
389 2524 554 2610 moxque
572 2520 712 2609 genua
723 2493 878 2583 flectant
892 2561 904 2599 ,
918 2523 980 2584 to-

160 2629 206 2694 to
234 2610 386 2721 reliquo
402 2639 566 2725 corpore
583 2635 725 2698 stantes
741 2615 860 2704 erecti
876 2648 885 2698 :
899 2617 980 2701 sic·

48 2807 51 2814 ,
163 2751 239 2833 que
267 2753 358 2809 cum
385 2724 516 2818 debita
543 2726 761 2814 reverentia
778 2731 976 2817 Sanctissi-

162 2867 271 2921 mum
305 2837 456 2923 Christi
482 2870 624 2956 corpus
652 2845 841 2959 recipiant
861 2876 975 2958 aquo

161 2977 321 3066 sumpto
347 2957 463 3039 simul
490 2984 530 3042 se
566 2958 749 3072 erigant,
777 2961 974 3074 simulque

163 3069 280 3152 etiam
310 3067 507 3183 profunde
536 3073 751 3176 inclinent,
779 3073 819 3158 dc
848 3079 975 3164 disce-

159 3182 287 3292 dant,
312 3184 633 3282 vestientibus
659 3193 903 3304 adinvicem
931 3194 974 3281 in

281 3362 283 3369 ,
856 3310 920 3402 13„
