2070 3774
241 171 327 292 356
440 120 611 267 sabbato
626 176 768 269 Sancto

182 316 270 374 me:
294 289 318 338 *
346 287 532 374 demant
566 316 688 402 usque
719 295 770 378 ad
793 303 995 406 vesperam

182 400 294 490 finies
321 434 406 491 me.

172 518 399 636 Sperabam
428 547 548 630 usque
574 521 625 605 ad
652 518 766 604 man&
799 520 865 602 ε*
895 524 994 633 quari

179 633 269 736 leo,
294 637 348 718 sic
368 637 549 720 contrivit
569 640 699 720 omnia
714 661 799 717 oasa
814 664 933 720 mea.
984 674 987 683 ·

178 751 252 833 De
280 749 395 833 mand
427 778 549 859 usque
581 751 631 837 ad
658 775 861 862 vesperam
893 753 1005 836 finies·

181 888 244 945 me
260 866 304 943 ε*
320 866 420 950 aicut
433 865 562 974 pullus
579 863 822 965 hirundinis,
851 867 910 950 sic
925 869 997 960 clar

179 971 318 1077 mab0,
346 977 565 1063 meditabor
583 989 628 1064 dt
644 975 855 1064 columba..

113 1143 117 1151 -
173 1094 379 1182 Attenuati
397 1116 489 1176 sunt
508 1095 612 1179 oculi
630 1096 728 1179 mei:
746 1092 769 1139 *
785 1097 996 1210 suspicion·

183 1229 240 1289 tes
256 1207 296 1289 in
315 1208 509 1293 excelsum
526 1270 536 1290 .
1034 1271 1035 1303 t

175 1322 383 1423 Domine,
409 1322 487 1404 vim
518 1323 674 1435 patior,
701 1327 897 1432 responde
928 1353 998 1437 pro

168 1461 260 1516 me:
279 1432 302 1480 *
319 1439 414 1547 quid
444 1436 595 1541 dicam,
625 1457 691 1521 aut
706 1437 802 1544 quid
828 1466 996 1554 respon·

179 1546 286 1634 debit
301 1552 427 1650 mihi,
458 1561 552 1637 cnmv
575 1552 657 1664 ipse
682 1548 852 1634 fecerit?

177 1664 431 1779 Recogitabo
446 1665 516 1751 tibi
533 1693 670 1750 omnes
688 1693 809 1749 annos
823 1693 938 1753 meos
954 1670 996 1753 2*

180 1778 221 1860 in
240 1781 494 1866 amaritudine
524 1781 664 1864 animae
694 1804 823 1862 mere.

172 1897 375 1999 Domine,
406 1899 438 1981 si
464 1899 517 1983 sic
542 1895 713 1998 vivitur,
742 1893 781 1974 ὅ(
801 1895 843 1975 in
856 1892 994 1978 talibus

178 2009 259 2091 vita
287 2012 443 2121 spiritus
474 2013 552 2094 mei
580 2072 593 2110 ,
622 2009 808 2122 corripies
835 2036 933 2112 me,
960 2010 994 2090 dt

178 2122 388 2208 vivificabis
418 2155 480 2207 me
498 2155 508 2204 ε
529 2125 553 2171 *
581 2153 672 2208 ecce
699 2123 739 2207 in
768 2151 863 2235 pace
894 2153 993 2208 ama-

177 2236 310 2320 ritudo
326 2269 434 2341 mea,
452 2241 710 2323 amarissima.

175 2355 250 2439 Tu
291 2378 419 2437 autem
458 2353 588 2437 eruisti
631 2354 797 2437 animam
842 2378 993 2453 meam,

178 2486 223 2547 ut
250 2495 332 2550 non
359 2470 568 2580 perirett*
583 2466 780 2579 projecisti
807 2491 901 2580 post
920 2491 991 2554 tet·

178 2605 277 2694 gum
295 2603 406 2666 tuum
425 2584 554 2666 omnia
571 2607 731 2695 peccata
747 2610 858 2666 mea.
976 2608 980 2614 ’

172 2697 296 2810 Quia
322 2728 402 2780 non
432 2695 604 2782 infernus
624 2691 869 2781 confitebitur
896 2696 990 2798 tibi;

178 2839 306 2919 neque
336 2840 440 2895 mors
469 2809 640 2896 laudabit
667 2834 703 2892 te
732 2841 743 2889 ι
771 2806 796 2856 *
825 2838 909 2895 non
934 2843 991 2898 ex·

178 2922 429 3032 spectabunt,
444 2927 510 3036 qui
529 2926 768 3016 dercendunt
785 2927 825 3008 in
842 2926 989 3027 lacum,

179 3063 380 3127 veritatem
404 3066 534 3123 tuam.

170 3151 354 3257 Vivens,
383 3157 520 3242 vivent
551 3154 629 3268 ipse
662 3148 923 3348 confitebitup·
944 3151 990 3234 ti-

911 3297 939 3350 ι.
