2070 3774
247 235 328 298 roo
477 203 587 293 Feria
605 206 741 318 quinta

189 322 449 418 narrabimus
474 322 670 418 mirabilia
704 342 773 407 tua
800 349 813 405 t
843 325 869 374 '³¹‘
899 332 995 413 cnm

181 472 376 650 {coegero
403 467 589 566 tempus,
620 472 701 564 ego
727 440 890 549 justitias
928 448 993 556 ju-

227 592 248 650 c
339 624 351 648 .

187 673 419 792 Liquefacta
443 704 502 767 eat
525 704 655 781 terra,
690 678 730 762 ἃ
761 676 989 788 omnesqui

183 793 359 882 habitant
374 793 543 882 ineat*
559 825 638 915 ego
666 794 893 883 confirmavi
922 822 993 878 co·

182 904 334 998 lamnas
358 912 471 1020 ejus.

70 1132 74 1139 .
186 1021 287 1112 Dixi
320 1024 463 1136 iniquis
476 1053 487 1105 ε
502 1026 624 1116 nolite
648 1027 780 1141 iniqu&
808 1024 953 1141 agere':
966 1024 991 1072 *

182 1137 225 1222 ἃ
268 1140 587 1253 delinquentibus
617 1146 780 1232 :nolite
826 1141 991 1228 exaltare

181 1285 335 1345 cornu.
381 1311 384 1316 -

182 1373 318 1462 Nolite
348 1375 534 1474 extollere
552 1376 595 1465 in
616 1377 739 1464 altum
757 1401 883 1462 cornu
898 1402 989 1462 ves-

178 1514 286 1577 trum
305 1490 359 1575 2*
389 1493 508 1580 nolite
526 1491 633 1610 loqui
653 1493 838 1582 adversita
852 1494 990 1580 Deum

177 1608 448 1718 iniquitatem.

180 1724 294 1838 Quia
321 1753 448 1836 neque
479 1722 528 1810 ab
563 1724 752 1827 oriente,
780 1750 905 1833 neque
937 1719 988 1810 ab

175 1839 408 1957 occidente3
439 1853 565 1954 nequ'e
589 1846 618 1926 ’ἐι
650 1841 810 1927 desertis
839 1842 988 1925 monti·

175 1953 273 2041 bus:
290 1955 512 2066 *quoniam
529 1955 640 2042 Deus
657 1958 782 2069 Jod'ex
799 1976 857 2041 est
876 2014 887 2038 .

178 2077 303 2159 Hunc
328 2071 547 2187 humiliat,
575 2071 618 2152 ὅ(
648 2073 755 2158 hunc
781 2070 946 2159 exaltat:
961 2071 986 2119 *

173 2187 265 2299 quia
280 2187 379 2272 calix
405 2189 447 2273 in
459 2218 578 2276 manu
592 2185 755 2274 Domini
785 2186 984 2274 vinrfneri

171 2301 312 2422 plenus
346 2304 494 2395 mixto.
991 2346 995 2352 ·

172 2423 230 2507 Et
259 2415 459 2504 inclinavit
482 2447 534 2506 ex
559 2417 637 2504 hoc
653 2421 696 2505 in
709 2418 786 2504 hoc
801 2447 816 2520 3
830 2446 983 2505 verum·

168 2552 300 2621 tamen
329 2530 408 2621 faex
437 2539 522 2646 ejus
549 2556 707 2623 nonest
732 2532 985 2622 exinaniret*

167 2645 303 2739 bibent
315 2678 453 2736 omnes
469 2673 693 2768 peccatores
706 2672 824 2737 terrae
841 2710 853 2733 .
986 2675 988 2678 ⁴

169 2772 260 2884 Ego
283 2788 414 2851 autern
437 2765 678 2853 annuntiabo
693 2767 735 2852 in
749 2759 980 2852 seculumt*

166 2878 330 2969 cantabo
342 2883 435 2969 Deo
451 2880 601 2994 Jacob.

166 3008 223 3090 Et
253 2998 387 3086 onmia
416 3027 568 3086 cornua
601 3017 851 3111 peccatorum
884 3023 981 3079 con-

167 3111 363 3230 fringant:
394 3113 421 3213 ἴ
448 3113 491 3200 δι
529 3109 803 3204 exaltabuntur
835 3138 982 3200 cornua

166 3233 300 3343 justis
332 3320 335 3327 ,
372 3306 388 3327 ,,
413 3282 460 3341 1„

406 3392 408 3398 ·
750 3432 757 3443 .
839 3345 927 3447 An<
