2070 3774
311 179 373 261 Ad
394 180 656 271 Maturiuum.
782 204 865 293 327

110 314 130 372 a
159 309 263 373 erate
292 292 334 374 in
357 288 558 375 Domino:
575 288 728 377 *multi
759 290 926 385 dicunt:
1000 288 1014 313 '

112 315 215 513 &uin
232 407 402 490 ostendit
417 405 527 491 nobis
544 404 683 494 bena?
766 482 769 487 .
822 442 831 457 ·

102 519 321 631 Signatum
338 546 395 606 eat
412 549 616 637 supernos
637 525 771 610 lumen
795 526 929 615 vultus

109 635 166 717 tui
193 694 205 732 ,
233 635 404 721 Domine
423 667 434 716 ε
450 638 474 684 *
504 639 647 726 dedisti
682 639 853 725 laetitiam
886 644 929 729 in

109 752 233 840 corde
259 779 371 834 meo.
673 757 677 763 ’

103 872 138 953 Α
174 864 306 948 fructu
324 864 505 952 frumenti
519 930 531 970 ,
545 867 628 955 vini
643 932 656 974 ,
671 865 712 948 ὅ(
728 867 807 951 olei
823 866 927 960 sui:''‘v

107 979 354 1092 multiplicati
382 1007 503 1067 aunt.
639 1065 643 1070 ,
812 1058 817 1069 .

97 1102 157 1213 ‘ln
180 1125 275 1208 pace
307 1099 350 1181 in
380 1097 549 1213 idipsum
564 1094 616 1182 a*
638 1096 855 1205 dormiam,
883 1096 926 1180 ὅ(

107 1210 377 1324 requiescam·
752 1308 763 1317 ,

104 1326 317 1434 Quoniam
343 1349 413 1430 tu,
442 1330 644 1430 Domine,
671 1327 926 1446 singulariter

107 1443 150 1523 in
178 1469 277 1555 ape:
297 1441 321 1489 *
338 1444 573 1530 constituisti
601 1475 693 1531 me.

105 1562 264 1672 Antiph.
283 1559 327 1642 ln
341 1587 437 1674 pace
461 1560 502 1646 in
523 1559 692 1677 idipsum
711 1556 924 1663 dormiam,

107 1667 149 1751 ἃ
177 1672 441 1785 requiescam.
461 1765 464 1769 ,

102 1795 261 1906 Anriph.
289 1783 517 1876 Habirabit.
567 1836 570 1840 ¹
639 1804 811 1887 Paalmus
837 1786 919 1914 .r4.

103 1908 203 2101 D
223 1899 408 2004 Omine,
450 1907 537 2014 quis
575 1900 763 1990 habitabit
792 1906 834 1990 in
857 1926 924 1989 aa·

237 2014 448 2105 bernaculo
475 2043 571 2104 tuo:
600 2016 624 2067 '¹‘
650 2042 718 2105 aut
740 2022 828 2132 quia
858 2049 924 2107 re-

107 2132 280 2243 quiescet
291 2137 332 2218 in
343 2157 475 2220 monte
492 2158 627 2221 saneto
642 2134 748 2221 tuo?

104 2249 191 2355 Qui
225 2251 443 2364 ingreditur
481 2251 565 2336 sine
606 2249 799 2338 macula:
829 2252 854 2295 '¹‘
881 2245 923 2328 &

104 2389 291 2476 operatur
321 2365 531 2474 jrutitiam.
876 2440 879 2445 .
991 2402 994 2407 ·

104 2478 196 2581 Oui
241 2480 416 2592 loquitur
462 2482 666 2567 veritatem
710 2481 752 2567 in
802 2479 898 2567 cord

102 2619 177 2679 suo
196 2591 250 2678 ε*
281 2597 348 2710 qui
378 2621 461 2681 non
491 2597 576 2712 egit
607 2596 743 2684 dolum
776 2595 819 2682 in
851 2597 924 2684 lin-

102 2735 184 2823 gua
210 2738 311 2796 aua.

101 2832 141 2909 N
149 2857 192 2912 ec
220 2825 314 2911 fecit
344 2829 522 2939 proximo
560 2856 635 2914 auo
676 2825 824 2913 malum
854 2849 866 2903 a
896 2825 922 2870 '¹‘

107 2936 148 3019 ἃ
178 2939 436 3055 opprobrium
456 2972 537 3030 non
564 2944 714 3062 accepit
737 2945 924 3030 arvenna

104 3082 303 3170 proximos
330 3087 450 3144 suoa.
570 3096 597 3102 ’-

102 3171 178 3263 Ad
202 3171 371 3261 nihilum
398 3174 587 3266 deductu
599 3171 717 3264 eatin
734 3195 926 3368 congrec-

840 3312 869 3367 u
