2070 3774
236 158 324 275 33⁶
433 144 602 239 Sabbato
625 144 767 267 Sancto

180 272 361 389 Expecta
386 268 635 379 Dominum,
663 268 826 358 viriliter
852 295 931 386 age
950 268 996 354 ε*

180 389 223 473 ὃ(
255 390 496 474 confortetur
522 416 590 473 cor
621 406 753 493 tuum,
780 389 821 470 dt
855 387 994 473 sustine

185 504 429 589 Dominum.¹
1034 563 1035 572 a

183 618 347 729 Antiph.
378 617 515 702 Credo
536 616 670 702 videre
688 612 790 703 bona
806 617 995 719 Domini,

181 732 225 821 in
254 757 357 818 terra
382 735 623 817 viventium.

185 846 348 959 Antion.
365 846 536 932 Domine
556 907 567 929 .
743 836 923 925 Psalmua
939 864 998 950 29.

184 964 264 1159 F
281 960 447 1046 Xaltabo
481 987 556 1061 te,
587 960 788 1062 Domine,
817 958 996 1072 quoniam

235 1079 496 1190 ¹⁸nauscepisti
530 1104 593 1157 me
612 1071 666 1154 ε*
694 1108 765 1162 nec
802 1079 997 1165 delectasti

185 1190 364 1276 inimicos
392 1220 499 1277 meos
529 1217 648 1304 super
676 1219 771 1274 me.

184 1302 361 1391 Domine
380 1309 492 1393 Deus
509 1333 635 1408 meus,
658 1306 818 1393 clamavi
835 1305 889 1389 ad
906 1332 942 1395 te
958 1305 1001 1402 z'f

186 1419 228 1499 da
253 1426 393 1505 sanasti
420 1453 511 1506 me.

187 1532 406 1637 Domine,
436 1536 629 1620 deduxisti
665 1527 712 1616 ab
742 1535 903 1622 inferno
927 1541 1005 1624 ani·

188 1679 295 1734 mam
311 1682 438 1735 meam
458 1685 469 1735 ε
486 1649 510 1697 *
532 1650 685 1737 salvasti
714 1681 776 1736 me
799 1656 821 1737 d
852 1653 1005 1741 deucere

189 1764 371 1851 dentibus
403 1770 444 1850 in
475 1767 630 1851 lacum.

189 1881 347 1966 Psallite
365 1882 542 1965 Domino
559 1880 679 1964 sancti
696 1887 778 1991 ejus
795 1912 805 1962 ε
822 1881 846 1929 *
862 1881 904 1964 ὅ(
923 1913 1003 1972 con·

192 1996 355 2081 fitemini
373 1996 574 2081 memoriae
590 1997 797 2081 sanctitatis
813 2004 928 2108 ejus.

187 2102 396 2215 Quoniam
426 2115 481 2196 ira
504 2112 546 2193 in
563 2109 826 2223 indignatione
856 2119 945 2225 ejus
960 2112 1003 2197 z*

189 2223 232 2307 oa
259 2228 341 2310 vita
373 2228 414 2308 in
441 2226 640 2309 voluntate
672 2228 778 2332 ejus.

190 2339 262 2425 Ad
291 2367 497 2456 vesperum
528 2337 791 2428 demorabitur
824 2339 943 2435 fletur
960 2340 1004 2429 ε*

192 2450 300 2538 &ad
330 2459 563 2542 matutinum
594 2454 756 2541 laetitia.

191 2565 288 2683 Ego
304 2592 435 2658 autem
452 2573 533 2658 dixi
551 2573 591 2654 in
608 2564 848 2660 abundantia
862 2602 952 2663 mea
963 2573 1004 2656 a*

192 2686 274 2771 iton
298 2683 489 2772 movebor
516 2687 558 2771 in
588 2704 807 2772 aeternum.

83 2790 88 2799 ’
193 2791 397 2906 Domine,
427 2803 469 2884 in
491 2801 692 2887 voluntate
713 2825 779 2888 tua
795 2836 807 2885 ε
823 2797 848 2849 *
863 2807 1003 2921 praesti·

193 2912 272 2996 tisri
300 2915 429 3002 decori
455 2943 544 3001 meo
568 2919 782 3001 virtutem.

193 3026 387 3115 Avertirti
413 3029 551 3117 faciem
572 3054 679 3118 tuam
699 3035 797 3122 dme
810 3064 822 3118 r
836 3031 862 3080 ’¹‘
876 3032 918 3116 8(
932 3029 1003 3119 fac·

191 3146 254 3245 'tut
286 3173 373 3237 tum
404 3143 680 3237 conturbatur.

886 3262 958 3356 Ad
