2070 3774
212 152 295 246 180
433 173 545 256 Feria
568 174 704 282 quinta

153 312 237 370 ram
270 288 399 373 Priore
432 290 481 372 ad
513 286 721 373 Orationes
754 285 966 393 dicendas,

154 403 340 485 Praelatus
376 405 563 517 procedat
604 403 653 487 ad
683 406 804 510 majus
834 404 960 489 Altare

156 514 422 619 abluendum
440 546 605 626 cumque
644 518 734 599 illuc
775 544 963 629 pervene-

155 632 232 733 rit,
259 629 409 721 Cantor
436 659 535 715 voce
564 632 750 716 mediocri
777 631 964 743 (inqua

21 828 25 833 .
153 770 280 829 totum
311 748 385 830 hoc
420 742 592 827 officium
620 743 705 828 fieri
734 743 884 853 debet)
911 748 964 829 in·

154 860 272 970 cipiat
298 859 356 958 Β(
371 849 415 934 111
428 863 561 934 monte
578 839 753 950 Oltveti,
781 887 871 941 cum
892 886 967 943 suo

156 964 213 1071 V.
228 972 268 1051 ὅ(
286 969 518 1058 Conventus
534 974 740 1082 utrumque
757 980 968 1085 prosequa-

157 1108 249 1185 tur,
278 1116 368 1171 cum
398 1092 661 1200 resumptione
683 1086 819 1197 :quod
847 1089 964 1168 etiam

156 1200 198 1281 in
225 1205 373 1284 caeteris
391 1203 486 1290 uu.
502 1204 699 1285 cantandis
717 1204 854 1284 adhoc
878 1198 965 1281 offi-

156 1316 261 1397 cium
310 1314 537 1400 observetur
574 1375 583 1397 .
633 1317 745 1397 Dum
791 1336 965 1397 cantatur

155 1428 210 1517 Bc.
225 1431 417 1540 primum,
449 1420 494 1507 111
522 1428 684 1524 monte,¹
715 1432 780 1539 qui
811 1428 965 1511 situlam

156 1540 282 1626 defert
312 1607 325 1647 ‚
354 1541 527 1627 effundat
548 1571 693 1651 aquam
728 1570 848 1653 super
878 1570 965 1623 ma-

156 1684 277 1765 gnam
307 1686 478 1740 mensam
495 1656 663 1756 Altaris,
691 1660 721 1739 ai
739 1678 965 1738 consecrata

85 1875 89 1883 ι
157 1768 318 1870 fuerit,
354 1771 418 1855 vel
456 1797 573 1878 anper
613 1798 784 1855 menaam
824 1767 965 1851 Altaria

42 1958 49 1969 .
152 1884 375 1997 portatilis,
403 1885 434 1967 si
462 1885 590 1967 Altare
621 1913 701 1967 non
730 1881 850 1966 fuerit
877 1910 967 1965 con·

70 2094 72 2099 Ι
157 2011 380 2079 ramatum:
408 2025 487 2107 quo
506 1995 610 2079 facto
635 1998 748 2081 Prior
776 1998 965 2106 accipiens

131 2136 339 2218 ,scopam
366 2137 412 2193 ea
452 2111 551 2195 lavet
578 2111 734 2209 Altam,
762 2111 901 2194 deinde
942 2118 964 2193 ἐι

157 2220 293 2303 Fratre
319 2222 514 2307 deferente
532 2224 695 2306 linteum
710 2242 935 2336 extergatur
950 2253 964 2322 3
982 2287 985 2291 >

157 2335 406 2447 postmodum
424 2340 534 2420 Prior
559 2364 714 2446 scopam
738 2338 856 2423 Fratri
873 2337 966 2421 red-

160 2450 264 2547 dat,
283 2528 286 2532 ,
308 2447 356 2561 δι’
380 2474 535 2561 accepta
566 2451 736 2562 ampulla
763 2451 813 2537 de
847 2481 986 2533 manu-

160 2558 416 2662 Subdiaconi‚
445 2565 485 2647 in
501 2563 662 2647 modum
683 2565 815 2649 erucis
828 2568 965 2646 vinum

158 2669 336 2760 effundat
350 2704 467 2788 ruper
482 2678 635 2762 Altare.
651 2679 775 2759 Finito
790 2680 967 2787 Respon-

155 2788 282 2889 aorio‚
307 2786 458 2873 Cantor
472 2792 628 2901 incipiat
639 2792 898 2901 Antiphonem
915 2792 963 2873 de

158 2899 300 2989 Sancto
315 2963 327 3003 ,
344 2904 405 2986 vel
415 2902 562 2989 Sanctis
579 2902 677 3003 illia,
695 2908 736 2987 in
752 2908 862 3012 cujus
875 2964 887 3003 ‚
900 2906 963 2987 vel

48 3100 53 3109 ,
151 3042 321 3124 quorum
350 3020 575 3101 memoriam
602 3017 731 3101 Altare
758 3039 963 3101 construc-

149 3149 236 3215 tum
262 3153 344 3233 ert,
360 3124 647 3218 &Conventus
678 3133 801 3245 iprum
824 3157 962 3242 prose-

805 3268 926 3357 qua-',
976 3266 999 3313 -2
