2070 3774
483 204 697 299 Dominica

172 244 257 420 rarii
274 328 533 438 descendere,
550 333 590 418 dc
607 336 657 421 ad
675 333 894 421 Passionem
913 345 989 420 vo·⁴

171 451 328 535 luntatis
358 474 436 534 ture
466 453 601 537 venire
636 451 819 566 dignatus
846 479 912 550 es,
941 473 989 534 ut

121 591 123 595 ’
170 566 385 650 humanum
401 591 528 681 genus
544 589 613 650 tuo
640 567 814 680 pretioso
830 567 988 680 sangui-

169 712 219 767 ne
238 680 446 767 liberares:
464 681 598 767 adesto
613 685 689 794 piis
701 682 886 767 Ecclesiae
904 704 985 764 ture

165 797 267 880 votis
283 857 295 898 ‚
312 794 353 876 dc
368 795 716 911 supplicationibus
731 798 900 881 nostris.
916 796 987 881 Tu

166 916 298 1012 enim,
314 910 515 1013 Domine,
537 935 762 997 mansuetus
777 973 791 1014 ,
806 939 985 999 mansue-

164 1026 195 1110 ti
228 1026 402 1111 animalis
433 1026 541 1111 aselli
571 1049 688 1142 tergo
716 1027 913 1127 insidens,
930 1026 984 1112 ad

163 1142 388 1227 Passionem
404 1141 684 1255 redemptionis
700 1165 844 1226 nostrae
859 1169 983 1257 spon·

159 1279 299 1341 taneus
336 1255 523 1342 advenisti
556 1287 568 1338 τ
601 1264 693 1343 cbm
730 1254 828 1358 tibi,
860 1259 997 1344 ramis·

160 1368 336 1458 arboreis
369 1369 664 1458 occurrentibus
693 1371 995 1488 discipulorum.

160 1485 317 1588 turbis,
348 1487 525 1575 certatim
548 1510 790 1573 sterneretur
819 1490 907 1588 via,
937 1489 979 1570 dc
1021 1558 1027 1595 ἢ

110 1636 113 1641 ·
157 1601 520 1719 triumphatricibus
560 1602 698 1716 palmis
745 1632 835 1688 cum
877 1630 977 1691 voce
1021 1626 1027 1715 t

39 1764 50 1783 ·
160 1719 286 1803 laudis
310 1740 566 1806 occurrerent
593 1717 775 1831 plurimae
805 1721 979 1833 populo-
1017 1738 1027 1803 -;

156 1859 247 1917 rum
287 1856 453 1920 catervae
483 1832 700 1920 exultantes
730 1834 907 1948 pariter,
935 1833 977 1918 ἀ

158 1947 331 2036 diceutes
350 1979 361 2031 ε
379 1953 565 2033 Hosanna
581 1947 664 2031 filio
682 1945 842 2034 David:
860 1944 977 2037 bene·

156 2062 311 2165 dictus,
328 2065 399 2174 qui
414 2063 522 2149 venit
544 2063 585 2147 in
600 2064 758 2151 nomine
776 2061 940 2149 Domini
959 2096 976 2151 a
1017 2108 1027 2155 t

153 2177 246 2264 Tibi
273 2181 315 2262 in
339 2201 470 2263 monte
498 2174 670 2279 Oliveti,
697 2179 891 2264 olivarum
917 2209 976 2266 ra·
1011 2192 1027 2259 ⁴.

152 2294 228 2377 mis
253 2294 318 2378 via
345 2316 540 2383 constrata
562 2317 651 2378 est.
676 2297 743 2380 Tu
773 2294 973 2405 quondam
1014 2280 1027 2439 i

152 2409 244 2492 No‘e'
263 2409 304 2493 in
329 2437 418 2496 arca
439 2436 557 2522 super
581 2409 702 2494 undas
729 2409 867 2495 diluvii
892 2436 975 2525 gu·
997 2476 1027 2517 ¹„

151 2518 322 2608 bernasti
340 2585 352 2624 ,
373 2521 413 2605 dc
432 2519 626 2614 columbae
652 2526 872 2613 ministerio
898 2554 973 2637 per
1020 2518 1027 2533 '

153 2638 272 2723 olivae
305 2668 485 2751 ramum,
520 2667 658 2752 pacem
690 2643 805 2727 terris
834 2642 973 2736 reddi-
1021 2638 1024 2643 ’

145 2774 227 2837 tam
256 2755 482 2844 annunciari
512 2753 669 2840 voluisti
691 2815 702 2838 .
728 2755 810 2853 Sed
838 2754 879 2843 ἃ
904 2762 972 2867 Ja-

151 2864 225 2955 cob
250 2870 476 2956 patriarcba
502 2868 543 2953 in
569 2871 800 2980 mysterium
825 2872 971 2985 gloriae

149 3007 231 3091 tuae
264 2987 424 3100 erigens
453 2983 621 3099 iaspidem
638 2986 660 3086 ‚'
679 3013 728 3072 ex
755 2985 875 3096 hujus
905 3019 971 3075 ar-

148 3092 256 3183 boris
285 3102 429 3201 ramis,
448 3098 585 3186 ‘oleum
613 3097 897 3191 benedictionis
926 3106 971 3194 in

145 3217 344 3314 cacumine
368 3215 491 3308 rituti.
501 3214 674 3323 infudit:
700 3217 806 3309 unde
822 3214 968 3418 ιὲηκίειῐ

249 3360 256 3369 ’
536 3382 541 3389 ’
863 3363 912 3423 θ’(
