2070 3774
219 209 304 301 214
451 185 564 273 Faria
603 185 713 268 uinta
809 190 815 203 ‘
868 224 872 228 ·

161 299 337 388 sificatus
351 297 468 387 estin
484 323 534 383 eo
549 354 561 380 .
577 213 632 385 (ii
649 295 762 383 Deua
787 295 1001 395 clariana,

162 440 302 502 tuaest
316 421 359 503 in
372 411 630 519 eo·,&Deus
645 413 872 500 clarificabit
887 445 981 503 eum

164 533 209 617 in
235 534 443 648 semetipso
471 559 483 610 t
507 527 550 611 ἀ
579 526 767 615 continui)
799 531 1006 617 clarifica--

163 643 222 732 bit
259 679 350 734 eum
378 709 389 731 .
419 645 585 747 filioli,
612 646 740 731 adhuc
780 647 980 733 modicum

162 761 368 851 vobiscum
394 792 507 847 sum.
522 758 884 870 Quaeretismm&
899 764 995 864 ,si'-.

161 901 231 967 cut
255 882 334 964 dixi
350 881 522 991 Judaeis,
548 873 626 988 qui)
643 905 723 990 ego
750 879 880 978 vada,
907 904 1000 965 vos.

162 1020 244 1080 non
272 997 433 1109 potestis
467 995 602 1080 venire
621 1023 636 1094 ;
653 993 693 1074 ds
733 991 847 1078 vobis
890 991 982 1078 dico

162 1108 283 1191 modi)
300 1171 310 1191 .
330 1112 566 1195 Mandatum
593 1138 743 1192 novum
767 1107 819 1191 do
835 1102 979 1207 vobim

160 1247 207 1307 ut
224 1226 397 1342 diligatis
415 1227 583 1310 invicem
600 1283 613 1324 ‚
628 1225 728 1309 sicut
746 1223 864 1334 diqui
881 1251 982 1322 vos,

161 1363 205 1423 ut
235 1339 276 1420 dt
305 1371 376 1426 vos
406 1341 576 1454 diligatis
607 1340 795 1424 invicem.
827 1342 873 1424 ln
901 1338 980 1422 hoc

161 1480 407 1572 cognoscent
424 1483 559 1541 omnes
573 1516 586 1556 ,
604 1457 695 1567 quia
709 1453 889 1569 discipuli
904 1453 981 1542 mei

159 1575 256 1656 estis
268 1602 282 1652 a
296 1576 329 1657 si
349 1572 600 1658 dilectionem
616 1567 831 1656 habueritis
861 1570 912 1656 ad
929 1571 982 1654 in·

159 1687 317 1772 vicem.
346 1689 456 1770 Dicit
485 1688 521 1769 ei
550 1686 688 1771 Simon
719 1683 984 1770 PetrusaDo-

23 1789 27 1798 ’
78 1896 82 1905 .
161 1802 291 1908 mina,
320 1798 398 1914 qud
428 1799 573 1887 vadis'i
594 1802 811 1914 Respondit
840 1804 981 1910 Jesust

160 1913 259 2026 Quo
287 1945 367 2030 ego
396 1919 522 2016 vada,
549 1944 632 1999 non
647 1939 759 2030 potes
778 1946 841 2002 me
858 1912 980 2001 modd

161 2035 273 2142 sequi
292 2067 302 2115 :
321 2032 493 2143 seque'ris
525 2053 654 2114 autem
686 2055 823 2144 postea
841 2091 852 2115 .
868 2033 983 2116 Dicit

159 2145 199 2230 ei
216 2149 370 2230 Petrus:
388 2142 523 2254 Quare
540 2172 623 2230 non
637 2175 797 2260 possum
815 2171 857 2232 te
868 2147 980 2258 sequi

161 2258 281 2343 modd
305 2259 328 2346 2
356 2262 537 2345 Animam
566 2289 693 2346 meam
716 2291 791 2375 pro
829 2285 867 2346 te
910 2289 981 2374 ρο·

165 2404 258 2460 nam
283 2433 294 2457 .
323 2374 541 2491 Respondit
572 2377 609 2461 ei
642 2382 752 2486 jesus
772 2377 981 2463 :Animam

161 2511 270 2575 tuam
299 2518 376 2604 pro
404 2520 468 2577 me
496 2518 617 2608 pones
629 2489 656 2574 2
675 2495 836 2593 Amen,
867 2521 981 2579 amen

165 2605 257 2692 dico
284 2603 355 2690 tibi
372 2608 492 2692 :Non
521 2602 692 2692 cantabit
720 2608 873 2722 gallus,
906 2608 981 2693 do-

160 2749 236 2807 nec
252 2744 316 2809 ter
340 2748 571 2838 manages.
595 2719 789 2917 (sag-14.
804 2720 844 2836 ἑ).
858 2725 912 2821 Et
927 2725 982 2811 ait

162 2833 362 2950 discipulis
376 2838 458 2921 suis
471 2837 589 2922 :Non
615 2858 679 2919 tur
705 2857 793 2924 etur
806 2860 880 2924 sor
894 2867 981 2926 ves·

162 2967 289 3034 trum.
316 2948 494 3039 Creditis
519 2955 561 3037 in
582 2950 739 3052 Deum,
775 2951 887 3037 &in
914 2984 986 3046 nse»

161 3067 338 3152 credite.
366 3068 419 3152 ln
436 3065 556 3152 domo
573 3067 697 3152 Patris
707 3069 798 3154 *mei
813 3071 983 3154 mansio-

158 3193 232 3277 nes
249 3180 395 3270 multas
414 3205 506 3273 sunt
519 3240 534 3272 .
547 3181 592 3275 δί
619 3209 699 3297 quo
714 3185 846 3275 minas
854 3184 979 3277 disis·

833 3327 918 3393 deffl
