2070 3774
319 108 666 203 AdMatutinumi
791 114 872 241 '105

112 235 263 355 cipalis.
277 268 368 325 non
400 259 477 325 tam
505 230 709 343 interiora
724 246 928 337 commissa

114 378 238 442 sunt.
270 358 373 442 Haec
401 380 485 442 erat
511 381 666 445 caterva
685 358 829 471 regalis
847 387 858 437 t
876 362 940 447 de

116 468 192 556 hoc
208 472 332 557 choro
349 472 466 584 Iudas
482 500 662 591 egressus
677 496 760 560 est.
787 473 930 585 judas,

114 584 247 699 inquit
277 647 291 689 ,
322 588 517 675 iscariotes
531 604 550 671 .’
572 585 686 699 Quid
713 590 812 673 mihi
844 592 930 704 ejita

114 706 283 814 patriam
313 704 448 789 dicis?
482 701 644 790 Utinam
673 706 802 819 ipsum
826 736 929 818 quo-

113 848 193 932 que
220 820 373 906 nescire
407 821 608 905 licuisset!
636 823 687 906 Et
716 821 814 910 dixit
842 825 923 911 eis:
1017 903 1031 913 ,

111 935 212 1048 quid
238 935 355 1023 vultis
389 937 488 1019 mihi
523 935 640 1042 dare,
663 937 805 1052 &ego
828 968 923 1024 eum

112 1048 227 1138 vobis
241 1048 427 1145 tradant
456 1047 497 1132 Ο
525 1052 737 1167 puniendae
749 1055 856 1165 vocis
871 1080 923 1145 te·

108 1168 328 1254 meritatem
347 1170 357 1251 !
376 1168 470 1254 Ideo
483 1167 701 1281 Magister,
714 1193 752 1256 te
768 1171 924 1261 divitias

110 1281 256 1386 debere
286 1308 535 1372 contemnere
560 1283 801 1401 praedicabat
823 1286 847 1374 2
867 1286 920 1403 ‘O

107 1400 411 1489 crudelitatem!
443 1400 522 1485 Dic
537 1464 550 1507 ,
568 1429 660 1514 quae
684 1429 799 1505 causa
822 1432 921 1519 pro-

107 1516 310 1604 ditionis?
341 1517 513 1605 Forsitan
538 1515 646 1630 quod
671 1513 740 1604 'tibi
769 1522 924 1606 doemo-

107 1664 206 1719 num
235 1635 395 1719 tradidit
420 1656 689 1748 potestatem:
723 1632 830 1750 quod
859 1636 921 1725 fe-

79 1753 161 1837 'cit
203 1748 479 1867 languentibus
524 1748 770 1837 subvenire:
813 1753 921 1865 quod

105 1886 285 1954 mortuos
314 1868 499 1953 suscitare
529 1865 732 1973 didicisti?
762 1866 801 1950 O
826 1898 917 1955 ver*

106 1978 205 2067 bum
235 1982 357 2069 totius
388 1978 613 2098 superbiae!
642 1980 783 2069 Tradis
800 2015 920 2091 eum,

105 2100 173 2211 qui
206 2116 346 2185 cuncta
375 2122 579 2184 conservat
606 2127 621 2200 ς
650 2099 717 2209 qui
758 2103 932 2200 dormo,

103 2212 223 2301 nnus
239 2216 402 2331 imperat
419 2242 429 2294 ε
446 2212 510 2299 cui
540 2211 808 2335 obtemperant
829 2249 915 2307 ma·

105 2333 166 2420 ria
183 2358 197 2429 3
214 2333 279 2416 cui
294 2358 430 2416 omnes
447 2325 649 2440 subjacent
675 2351 883 2445 potestates
904 2397 916 2423 .

106 2440 163 2531 It.
190 2438 285 2534 Una
312 2446 411 2532 hora
436 2473 517 2529 non
542 2446 723 2558 potuistis
750 2448 914 2583 algilare

101 2592 286 2668 mecum,
314 2562 380 2677 qui
398 2557 705 2646 exhortabamini
722 2591 822 2650 mon
840 2592 916 2679 pro

103 2666 209 2765 md?
228 2676 253 2726 *
277 2672 358 2765 Vel
376 2679 515 2787 Judam
541 2705 624 2761 non
641 2679 807 2782 videtis,
822 2686 916 2795 qu'o-

100 2797 226 2881 modo
251 2823 335 2880 non
350 2791 526 2904 dormit,
551 2795 623 2879 sed
652 2791 807 2881 festinat
834 2820 916 2886 tra-

101 2916 200 3000 dere
226 2939 291 2994 me
305 2910 475 3021 Judaeis.

108 3013 163 3122 td.
191 3024 375 3137 Dormite
408 3030 508 3137 jam,
521 3025 562 3108 dt
579 3027 806 3139 requiescite
824 3053 835 3107 t
851 3037 912 3115 ec·‘

102 3166 149 3233 ce
166 3143 496 3343 appropinquat&
507 3145 602 3256 ,qui
617 3172 681 3232 me
696 3147 825 3333 tradi}
842 3254 855 3339 l

519 3284 544 3370 5
818 3285 840 3342 e
