2070 3774
230 191 313 280 344
432 156 603 253 Sabbato
617 162 758 252 Sancto

167 280 307 393 Super
355 309 418 368 me
472 278 721 365 confirmanu
765 298 825 363 ent
870 273 987 360 furor

173 416 264 479 tuus
281 425 291 475 ε
308 394 332 442 *
347 395 388 477 ὃ(
411 419 548 482 omnes
578 394 716 483 fluctuo
746 415 836 479 tuoe
870 392 990 477 indu·

162 511 270 595 niati
297 540 417 627 super
440 539 530 596 me.

169 625 325 740 Longe
358 627 484 714 feriati
519 649 633 714 notor
662 653 770 713 meos
800 627 823 706 al
854 642 949 711 mer
972 625 995 669 '¹'

171 766 393 861 posuerunt
425 773 488 829 me
525 740 858 828 abominationem
888 735 990 825 albi.

170 855 369 947 Traditus
385 885 497 961 sum,
524 856 566 939 ὅ(
582 889 663 943 non
691 851 928 972 egrediebar
945 854 992 932 r*

178 970 283 1055 oculi
314 971 392 1054 mei
425 974 662 1087 languerunt
689 1001 775 1087 prae
809 970 968 1080 inopia.

173 1085 369 1173 Clamavi
396 1088 445 1172 ad
474 1114 539 1188 te,
556 1088 750 1188 Domine,
768 1107 850 1169 tota
867 1085 933 1169 die
951 1085 994 1167 ε*

175 1202 345 1315 expandi
361 1202 411 1287 ad
427 1226 464 1288 te
480 1232 618 1286 manus
633 1229 761 1286 meaa.

172 1326 213 1406 N
226 1316 389 1424 nmquid
416 1318 576 1402 mortuis
593 1314 711 1401 facies
740 1310 931 1398 mirabilia
948 1313 1002 1389 :²¹⁵

180 1455 248 1512 aut
280 1433 423 1516 medici
457 1427 725 1532 suscitabunt,
754 1429 794 1509 <Si
828 1426 996 1513 confite·

180 1541 328 1628 buntur
357 1543 465 1630 tibi?

175 1670 215 1752 N
228 1661 395 1770 nmquid
410 1657 579 1744 narrabit
596 1661 732 1768 aliquis
746 1660 791 1742 ‘in
815 1658 1001 1768 sepulcro

181 1774 489 1860 misericordiam
517 1797 647 1856 tuam:
667 1777 691 1820 '¹‘
720 1773 761 1854 ὅ(
792 1772 1001 1858 veritatem

182 1913 290 1972 tuam
309 1889 350 1974 in
368 1883 624 2002 perditione?

177 2006 396 2113 Numquid
432 2025 722 2117 cognoscentur
761 2004 802 2086 in
834 1997 1003 2084 tenebris

183 2116 374 2203 mirabilia
395 2143 486 2201 tua:
503 2116 579 2196 *bt
597 2117 742 2226 justitia
759 2142 825 2201 tua
851 2115 895 2198 in
923 2138 1004 2198 ter-

184 2261 234 2318 ra
254 2231 495 2316 obliv10nis‘l
926 2247 928 2251 ’

180 2357 243 2440 Et
269 2375 346 2461 ego
376 2349 426 2432 ad
456 2371 518 2453 te,
546 2345 742 2453 Domine,
771 2344 938 2430 clamavi
956 2339 1004 2426 r*

187 2457 229 2543 8(
247 2460 361 2548 mane
379 2464 504 2548 oratio
519 2491 605 2546 mea
619 2461 835 2576 praeveniet
851 2484 889 2544 te
909 2519 922 2542 .

84 2647 87 2653 -
183 2583 252 2667 Ut
282 2579 411 2688 quid,
438 2576 642 2679 Domine,
673 2575 829 2691 repellis
858 2575 1005 2658 oratio·

187 2723 279 2779 nem
308 2721 431 2777 meam
461 2724 471 2774 ε
504 2691 528 2740 *
556 2690 695 2780 avertis
730 2689 868 2778 faciem
901 2713 1004 2774 tuam

189 2804 340 2891 rime?

185 2933 350 3034 Pauper
373 2948 460 3004 sum
485 2944 595 3034 ego,
622 2920 662 3002 bt
693 2920 734 3003 in
761 2915 958 3006 laboribus
985 2922 1004 3000 al

189 3042 391 3148 juventute
422 3065 510 3121 mea
536 3061 545 3103 τ
574 3033 598 3083 *
628 3036 816 3121 exaltatus
846 3054 1004 3130 autem,

186 3150 567 3257 humiliantem,
595 3149 635 3234 bt
664 3147 950 3240 conturbatus.
986 3202 989 3207 -

305 3314 308 3320 ·
894 3272 952 3351 ln
