2070 3774
329 175 393 264 Ad
406 173 609 264 tentarat
767 204 850 292 129

103 287 276 378 Domine
296 289 348 376 ε*
361 290 528 378 salutare
555 311 668 377 tuum
690 296 909 382 secundum

102 406 304 518 eloquium
332 418 470 490 tuum.
582 440 585 445 ⁴
695 493 699 501 ,

102 525 169 609 Et
196 521 443 640 ⁴respondebo
469 518 793 640 exprobrantibus
819 522 916 607 mihi

105 631 296 724 verbum:
312 638 440 752 *quia
453 642 604 753 speravi
620 643 662 725 in
674 634 919 726 sermonibus

108 775 187 837 turs
201 772 218 838 .'

103 875 163 956 Et
191 867 244 953 ne
272 867 423 983 auferas
453 871 502 955 de
532 902 602 960 ore
634 901 724 958 meo
748 864 917 958 verbum

108 986 284 1073 veritatis
310 1015 614 1103 usquequaque:
633 989 765 1102 *quia
788 989 829 1071 in
852 989 918 1098 jue

112 1098 225 1187 diciis
253 1103 330 1186 tuis
361 1106 657 1220 supersperavi.
887 1186 889 1190 ,

107 1221 169 1305 Et
198 1219 413 1328 custodiam
431 1220 559 1335 legem
574 1243 681 1304 tuam
695 1246 850 1333 semper
867 1216 921 1315 εἴ

113 1331 158 1416 in
173 1332 368 1434 seculum,
396 1333 494 1420 &in
509 1334 684 1441 seculum
699 1335 820 1420 seculi
839 1393 850 1417 .

109 1450 185 1536 Et‘
209 1445 450 1535 ambulabam
476 1452 517 1537 in
546 1452 745 1537 latitudine
763 1479 774 1530 z
791 1449 925 1561 *quia

114 1567 299 1654 mandata
324 1588 391 1650 tua
419 1568 638 1678 exquisiti.

113 1686 179 1769 Et
211 1677 398 1792 loquebar
426 1683 475 1766 de
518 1684 746 1768 testimoniis
779 1681 856 1765 ruis
880 1680 930 1764 in

121 1819 334 1912 conspectu
362 1826 503 1915 regum
532 1832 544 1882 ε
573 1798 598 1847 *
629 1797 671 1880 ot
712 1826 793 1884 non
835 1810 932 1880 con·

118 1910 344 2010 fundabat.
637 2017 638 2020 q

118 2035 183 2117 Et
210 2024 424 2114 meditabar
454 2030 497 2114 in
523 2027 716 2126 ¹mandatis
749 2029 825 2113 tuis
861 2054 872 2107 r
906 2021 931 2070 *

127 2177 221 2265 quae
249 2143 394 2230 dilexi.
938 2143 941 2147 ’

120 2268 178 2353 Et
212 2260 337 2346 levavi
366 2285 505 2342 manus
534 2284 648 2343 meas
680 2260 731 2344 acl
757 2255 938 2340 mandata

126 2404 229 2479 tua,
247 2401 336 2487 quae
366 2374 515 2460 dilexit
544 2373 569 2421 *
598 2373 638 2456 ὅ(
665 2367 941 2459 exercebaris

124 2485 467 2613 justificationibus
498 2490 607 2573 tuis.
715 2581 718 2587 ¹
891 2601 894 2606 .

258 2607 381 2688 Emor
398 2627 480 2688 esto
491 2600 603 2688 verbi
620 2605 676 2688 tui
690 2631 805 2689 servo
824 2591 942 2682 tuor*

275 2721 318 2806 in
334 2716 415 2830 quo
425 2719 650 2832 mihi-spem
666 2719 826 2803 dedisti.
867 2727 870 2732 '
896 2765 897 2770 Ν

128 2842 170 2923 H
185 2863 246 2922 aec
273 2866 336 2921 me
369 2833 564 2929 cotuolata
578 2859 635 2919 est
662 2837 711 2919 in¹
731 2831 974 2918 humiliate·

132 2981 223 3051 mea
247 2985 259 3036 ε
280 2949 305 2998 *
333 2950 426 3064 quia
453 2947 651 3062 eloquium
680 2974 792 3037 tuum
817 2947 951 3037 vivifi·

132 3068 241 3158 cavit
266 3067 361 3153 me.
560 3158 563 3163 ,

131 3179 317 3303 Superbi¹
355 3176 690 3381 iniqueFagebant
717 3204 948 3342 usqueqpa-

543 3323 569 3411 5
744 3321 850 3415 ‘lue‘
