2070 3774
223 163 308 252 268
452 162 563 253 feria
579 184 689 253 sexte

159 270 392 367 Collocavit
404 305 468 364 me
485 278 525 364 in
540 275 713 367 obscuris
740 278 842 365 dicut
871 284 988 366 mor-J

163 421 254 485 tuos
266 397 388 484 seculi
405 395 443 480 ε*
458 395 499 477 δι
517 397 694 483 anxiatus
708 423 767 483 ent
783 423 901 509 super
915 425 982 482 me

162 513 320 629 spiritus
345 537 482 616 meus,
508 513 550 599 in
591 541 654 596 me
683 509 880 599 turbatum
911 534 982 624 eet

164 656 235 715 cor
258 658 418 714 meum.
975 638 977 643 ’

160 743 332 831 Memor
346 742 404 827 fui
433 742 584 827 dierum
600 744 849 856 antiquorum
865 773 880 846 3
894 772 979 827 me·

166 853 310 945 ditatus
354 884 442 942 num
483 858 527 940 in
571 859 753 945 omnibus
795 856 981 975 operibus

165 973 243 1056 tuis
273 1004 286 1058 ε
320 973 345 1023 *
371 975 413 1062 in
445 969 556 1060 factio
598 1005 787 1063 manuum
825 999 984 1060 tuarum

160 1088 404 1179 meditabar.

126 1264 133 1289 .
164 1206 346 1317 Expandi
376 1231 515 1293 manus
530 1232 635 1291 meas
661 1203 712 1289 ad
727 1229 765 1291 te
786 1231 797 1283 t
815 1196 840 1248 '¹‘
857 1203 987 1291 anima

51 1428 55 1435 ἱ
168 1345 281 1419 mea,
307 1325 407 1407 sicut
448 1343 581 1424 terra,
607 1321 690 1406 eine
729 1348 855 1431 aqua,
885 1316 985 1403 tibi.

164 1434 377 1527 Velociter
404 1439 547 1522 exaudi
579 1446 643 1519 me'
675 1496 690 1540 ‚
715 1433 888 1520 Domine
920 1463 933 1514 z
961 1435 986 1481 '¹‘

168 1547 315 1638 defecit
342 1552 499 1669 spiritus
528 1578 668 1637 meus.

160 1668 267 1755 Non
293 1691 443 1756 avertan
461 1665 725 1771 faciemtuam
740 1671 762 1752 d
778 1692 869 1750 me:
892 1669 917 1712 '¹‘
946 1666 987 1749 ὅ(

167 1776 305 1888 vsimilis
335 1811 404 1869 ero
421 1779 741 1867 descendentibus
771 1783 811 1864 in
829 1780 986 1867 lacum.

163 1896 360 1991 Auditam
391 1895 453 1982 fac
487 1898 582 1982 mihi
614 1894 727 1982 mand
763 1896 987 1985 misericor·

171 2008 275 2095 diam
304 2034 437 2098 tuam:
456 2007 587 2121 *quia
602 2013 645 2097 in
661 2034 699 2099 te
715 2016 868 2126 speravi
887 2071 898 2097 .

160 2131 321 2241 Notum
348 2126 411 2213 {ac
441 2127 537 2209 mihi
565 2128 695 2226 viam,
721 2127 762 2210 in
792 2157 871 2239 qua
903 2159 987 2214 am-

166 2232 326 2326 bulem:
343 2242 367 2290 ’¹‘
393 2241 486 2354 quin
514 2244 565 2327 ad
593 2267 631 2330 te
662 2241 788 2328 levavi
820 2242 988 2332 animam

52 2428 56 2435 .
152 2382 324 2465 meam.

157 2456 294 2585 'Eripe
308 2498 371 2555 me
387 2468 435 2556 de
452 2469 616 2555 inimicis
628 2467 760 2574 meis,
789 2470 990 2580 Domine,

172 2583 224 2670 ad
244 2607 282 2671 te
297 2582 461 2700 confugi
478 2619 489 2669 ε
505 2583 530 2634 *
554 2586 651 2671 doce
677 2616 740 2675 me
767 2587 894 2676 facere
920 2621 992 2678 vo-

171 2696 362 2786 luntatem
376 2701 610 2812 tuam,quia
620 2698 732 2788 Deus
746 2732 857 2790 meuc
866 2734 909 2792 es
921 2731 990 2792 tu.

50 2914 56 2923 ‚
165 2814 348 2928 spirituo
378 2838 469 2899 tuus
495 2813 623 2900 bonue
658 2818 829 2905 deducet
855 2849 919 2904 me
951 2821 994 2909 in

172 2948 318 3015 terram
359 2951 505 3014 rectam
535 2959 548 3010 e
576 2933 601 2977 '¹‘
636 2957 799 3047 propter
844 2965 992 3023 nomen

174 3064 287 3129 tuum
312 3103 326 3146 ‚
351 3039 523 3130 Domine
548 3106 562 3154 ,
589 3045 803 3138 vivificabis
844 3079 910 3140 me
951 3054 994 3140 in

162 3160 357 3274 ·aequitnte
387 3182 454 3247 tua
471 3217 491 3254 ·.

815 3281 939 3386 ΕΜ.
