2070 3774
194 188 224 275 8
456 188 589 276 Passio

110 216 278 392 &icum
295 331 345 392 eo
374 298 489 389 turba
517 300 639 388 multa
663 325 754 389 cum
780 301 897 418 gladii

112 418 156 505 ἃ
185 420 339 538 lignis,
366 420 473 515 missi
505 424 535 521 a,
559 421 728 505 summis
746 417 897 519 ‚sacerd

113 533 217 624 tibus
230 535 301 640 3&
329 534 473 626 Scribis
490 597 503 638 ,
519 534 561 616 dc
578 533 808 624 Senioribus
827 593 839 618 .
856 534 897 618 D

116 653 230 740 derat·
256 677 405 751 ¹autem
448 651 610 738 traditor
652 655 737 761 ejus
774 651 897 766 signu

101 771 202 872 eis,
233 766 397 855 dicens:
423 768 452 873 S
487 763 796 878 Quemcumque
823 794 897 852 osc*

113 885 215 977 latus
232 883 346 971 fuero
363 948 377 986 ‚
394 888 475 1000 ipse
495 906 552 967 est
571 906 730 978 :tenete
749 911 869 987 eum,
894 924 897 957 ι

111 1001 243 1103 ducite
259 998 372 1087 caute
390 1063 400 1084 .
415 998 453 1082 C
473 1002 529 1085 ‚Et
544 1007 637 1085 cum
654 1001 853 1102 venisset,
864 1024 897 1084 st

112 1117 185 1201 tim
215 1118 404 1205 accedens
434 1118 484 1202 ad
517 1115 753 1220 eum‚ait:
785 1110 814 1217 S
852 1115 897 1201 Aa

110 1229 265 1325 ¹Rabbi.
294 1232 332 1318 C
362 1235 420 1333 ,Et
445 1233 644 1334 osculatus
662 1254 719 1314 est
743 1258 837 1316 eum
858 1258 897 1319 .t

113 1346 170 1431 illi
201 1370 339 1436 manus
361 1339 588 1462 ¹injecerunt
606 1348 647 1433 in
675 1375 795 1441 eum:
815 1345 856 1429 ἃ
882 1373 897 1434 t

110 1489 286 1553 nuerunt
318 1493 439 1550 eum.
469 1461 582 1548 Unus
615 1486 748 1549 autem
774 1462 897 1576 quida

111 1582 160 1668 de
210 1576 585 1682 circumstantibus,
632 1580 802 1679 educens
850 1580 896 1693 gl

112 1697 249 1800 dium,
279 1697 472 1812 percussit
492 1724 664 1781 ‘servum
693 1696 838 1803 nunniti
867 1696 896 1784 S

75 1864 78 1871 ·
112 1813 285 1905 cerdotis
301 1845 311 1896 ε
330 1811 372 1894 ἃ
389 1812 605 1928 amputavit
622 1813 677 1896 illi
697 1808 897 1897 auriculan

107 1932 163 2032 ,Et
191 1929 435 2046 respondens
469 1933 608 2038 lesus,
642 1929 698 2012 ait
725 1927 800 2011 illis
831 1959 845 2012 r
876 1946 897 2031 ἦ

109 2045 336 2158 Tamquam
369 2047 420 2131 ad
450 2044 639 2130 latronem
667 2044 801 2130 existis
843 2073 897 2143 cm

110 2163 278 2275 gladiis,
297 2160 337 2242 dt
357 2160 476 2276 lignis
493 2159 829 2275 comprehendere
842 2188 897 2245 ms

111 2275 307 2388 Quotidie
340 2305 447 2377 eram
478 2275 585 2391 apud
608 2303 681 2360 vos
713 2276 755 2360 in
784 2280 897 2394 temp]

113 2391 262 2481 docens
276 2389 348 2499 ,ἃ
379 2421 462 2479 non
483 2420 547 2476 me
566 2392 763 2477 renuistis:
782 2390 865 2486 Sed
889 2423 897 2479 ι

111 2509 348 2626 impleantur
374 2509 621 2624 Scripturas.
651 2501 692 2591 C
726 2507 844 2596 Tunc
872 2508 897 2611 d

104 2626 255 2742 scipuli
273 2631 360 2739 ejus
377 2625 643 2747 relinquentes
660 2654 779 2730 eum,
795 2655 897 2713 omni

115 2741 340 2857 fugerunt.
363 2741 602 2847 Adolescens
619 2764 751 2831 autem
773 2743 897 2854 quidu

100 2854 351 2972 ,sequebatur
366 2888 482 2960 eum,
500 2860 661 2965 amictus
689 2858 854 2950 sindone
871 2887 897 2945 si

75 3044 77 3051 .
104 3002 184 3090 ¹per
198 2974 336 3085 nudo:
354 2972 396 3056 dt
413 2997 622 3062 tenuerunt
638 3000 755 3064 eum·
772 2977 832 3065 At.
843 2974 897 3091 illc

108 3097 260 3203 rejecta
289 3092 457 3198 sindone
470 3126 491 3195 ‚⁴
511 3092 642 3180 nudus
676 3087 857 3208 profugit
882 3123 897 3178 a

102 3194 196 3317 [eis.
228 3210 282 3319 Et
312 3207 558 3322 adduxerunt
583 3213 716 3337 Jesum
748 3209 809 3311 ad
825 3230 897 3312 sun

758 3349 869 3411 mum
