2070 3774
228 187 312 274 352
363 279 372 295 ο
419 158 745 297 ξαβδαῐοθεηοῐο

158 299 246 476 gia
261 298 347 361 mea
363 296 544 386 justitiam
562 298 691 360 tuam.

210 394 366 489 omine,
396 386 496 474 labia
522 421 611 474 tnea
639 389 813 502 aperies:
830 387 913 469 *ἃ
942 411 984 470 os

164 532 296 593 meum
309 501 555 588 annunciabit
571 505 724 588 laudern
736 527 867 586 tuam.

159 622 370 818 &uoniam
387 622 418 700 si
436 620 622 703 voluisses
636 619 872 704 sacrificium
888 620 985 717 ,de-

197 735 306 818 isaem
332 736 465 842 utique
484 767 494 816 ε
511 731 784 820 *holocaustis
811 759 897 817 non
925 734 985 817 de·

168 846 402 935 lectaberis.

161 964 414 1054 Sacrificium
443 962 535 1041 Deo
557 961 714 1072 spiritus
741 959 986 1047 contribula·

171 1095 261 1161 tus:
290 1078 313 1123 *
336 1105 403 1161 cor
432 1075 671 1179 contritum,
719 1076 759 1157 8(
798 1077 986 1161 humilia-

85 1208 88 1213 ’
167 1216 280 1296 tum,
312 1192 422 1272 Deus
456 1220 536 1272 non
565 1191 781 1302 despicies.

163 1303 355 1418 Benigne
384 1302 469 1402 lac,
490 1304 693 1405 Domine,
719 1312 760 1390 in
789 1301 896 1389 bona
913 1334 987 1388 vo-

171 1420 316 1503 luntate
349 1444 415 1503 tua
446 1419 578 1503 sion:
612 1415 637 1464 *
667 1445 710 1504 ut
741 1418 988 1506 aedificentur

176 1536 278 1617 muri
312 1533 550 1644 Jerusalem.

163 1649 292 1735 Tunc
313 1645 522 1762 acceptabis
539 1647 767 1730 sacrificium
795 1647 987 1758 justitiae,

172 1760 426 1863 oblationes,
456 1761 495 1841 ὅ(
535 1763 800 1847 holocausta:
833 1759 858 1808 '¹‘
894 1785 990 1845 tunc.

171 1876 371 1996 imponent
387 1906 505 1988 super
521 1878 651 1961 Altare
671 1900 789 1960 tuum
808 1876 985 1961 vitulos.

167 1998 336 2111 Autiph.
371 1991 541 2074 Omors
572 1993 582 2071 !
612 2020 681 2073 cro
726 2020 832 2075 mors
879 2015 985 2074 tua:

172 2133 324 2192 morsus
341 2130 430 2191 tuus
449 2135 517 2191 ero
529 2168 541 2207 ,
553 2105 724 2190 inferne.

166 2227 328 2328 Antioh.
345 2223 545 2333 Plangent.
719 2222 893 2311 Psaltnus
913 2256 985 2345 42.

165 2338 207 2567 J
228 2333 353 2421 Udica
368 2367 458 2440 me,
486 2337 625 2439 Deus,
653 2333 883 2420 &discerne
902 2368 988 2425 cau-

245 2478 325 2535 sam
353 2481 476 2538 meam
490 2450 538 2535 de
554 2472 672 2564 gente
688 2481 769 2535 non
783 2475 919 2537 sancta
936 2484 946 2532 :
965 2457 985 2499 '¹‘

175 2564 224 2648 ab
249 2565 408 2653 homine
440 2569 612 2678 iniquo,
646 2564 686 2645 ὅ(
725 2566 863 2651 doloso
893 2596 986 2654 erue

172 2708 266 2767 me..

167 2799 286 2911 Quia
316 2820 358 2881 tu
389 2827 429 2881 es
461 2799 572 2883 Deus
603 2796 792 2880 fortitudo
830 2827 920 2881 mea
939 2792 987 2879 ε*

175 2935 370 3019 quarente
385 2914 558 3027 repulisti
576 2912 642 3014 ,ot
658 2939 776 3020 quare
794 2912 913 2994 tristis
933 2913 988 2996 in·

175 3026 294 3127 cedo,
308 3029 402 3112 dum
424 3024 561 3141 aflligit
577 3057 640 3111 me
659 3025 873 3109 inimicus?

172 3143 318 3247 Emitte
367 3143 492 3230 lucem
536 3164 640 3229 tuam
671 3202 685 3244 ,
713 3139 753 3222 ὅ(
781 3141 985 3303 veritatem

751 3275 894 3343 tuum:
