2070 3774
513 36 518 42 ‘
536 30 545 71 ί

354 197 404 278 ln
422 187 647 281 Laudibus
772 220 917 357 359*

95 313 219 399 Exalt
221 315 370 398 aciones
389 310 491 398 Dei
482 343 523 396 tn
538 334 698 428 gutture
715 310 917 394 eommt*

88 426 132 510 ἃ
151 429 272 544 gladii
287 431 472 542 ancipites
491 431 530 512 itt
559 426 735 512 manibus
749 454 915 510 eorum.

95 548 168 628 Ad
192 543 408 628 faciendam
435 542 688 630 vindictam
679 574 719 626 tn
746 542 917 626 nationi-

89 654 231 742 bus·'¹‘
248 659 527 774 increpationes
553 661 594 742 in
618 656 795 772 populis.

95 776 165 860 Ad
185 774 400 888 alligandos
419 777 550 886 Reges
577 803 715 858 eorum
746 774 787 855 in
805 803 917 857 com-

93 887 287 1022 pedibus:
278 888 328 939 ·*
360 889 401 968 dt
428 891 577 974 nobiles
608 918 743 972 eorum
764 889 806 972 in
835 919 919 974 ma-

92 1006 192 1088 nicis
227 1002 390 1086 ferreis
775 1042 777 1051 Α

93 1116 152 1200 Ut
181 1118 354 1202 faciant
345 1151 387 1202 in
415 1123 471 1204 eis
496 1122 685 1230 judicium
714 1088 912 1234 conscrip-

93 1255 207 1316 tum.
221 1233 393 1349 *gloria
407 1237 495 1322 haec
521 1260 579 1319 est
595 1231 775 1318 omnibus
785 1234 914 1320 Sanc-

95 1347 145 1432 tis
164 1355 270 1459 ejus.
469 1355 643 1437 Psalmus
681 1380 774 1460 150.

182 1466 312 1548 Audat
313 1464 589 1551 eDominum
580 1494 621 1546 1n
634 1461 782 1548 Sanctis
792 1463 916 1572 ejuat*

209 1579 360 1666 laudate
380 1610 469 1665 eum
499 1585 539 1667 in
569 1581 817 1664 firmamento
840 1580 920 1662 vit·
943 1636 944 1640 κ

95 1694 188 1777 tutis
205 1702 307 1805 ejus.
698 1730 699 1734 ¹

96 1808 276 1894 Laudate
309 1814 468 1899 eumin
493 1804 702 1895 virtutibus
736 1810 860 1914 ejus:
893 1803 918 1854 *

99 1915 250 2010 laudate
289 1954 379 2008 eutn
399 1929 615 2012 secundum
632 1921 923 2066 multitudinem
1009 1991 1011 1998 .

97 2039 443 2153 magnitudinis]
409 2071 513 2124 eus

97 2154 279 2242 Laudate
298 2185 387 2237 eum
404 2159 443 2239 in
457 2185 554 2242 sono
574 2155 709 2241 tubae.
716 2160 740 2202 *
761 2155 915 2242 laudate

98 2300 191 2354 eum
211 2274 250 2354 in
266 2270 474 2383 psalterio,
502 2272 542 2352 dt
558 2274 776 2382 cythara

96 2385 276 2468 Laudate
310 2412 400 2466 eum
433 2389 474 2470 in
503 2410 723 2499 tyntpanO,
751 2392 791 2471 dt
820 2381 916 2466 cho-

102 2527 186 2584 ro:
217 2496 241 2545 *
271 2499 421 2584 laudate
453 2531 544 2591 eum
578 2504 620 2584 in
648 2501 847 2599 chordis,
876 2497 917 2578 ὅ(

99 2638 333 2728 organo.

100 2732 278 2817 Laudate
311 2763 401 2818 eum
419 2736 459 2816 in
477 2727 663 2841 cymbalis
679 2727 919 2819 benesonan-

104 2834 244 2946 tibua;
274 2847 428 2932 laudate
456 2876 546 2930 eum
576 2847 619 2930 in
636 2840 869 2982 'cymbalis
859 2874 922 2954 ιπ-

103 2911 345 3046 bilatidnia:
378 2961 402 3009 *
436 2962 561 3046 omnia
588 2965 745 3126 spiritua
764 2963 922 3048 laudet

105 3074 345 3161 Dominum.

100 3190 262 3306 Antiph.
292 3190 432 3278 Ovot
462 3186 625 3293 omnen,
653 3197 721 3304 qui
755 3189 922 3277 tranaitia

557 3351 560 3356 ·
794 3332 867 3420 per
