2070 3774
224 154 309 240 350
371 103 383 122 ⁸
425 128 594 215 Sabbato
610 130 752 218 Sancto
1027 232 1030 237 ¹

158 238 219 331 R.
247 245 387 356 Agnus
429 239 508 326 Dei
541 237 726 326 Christus
762 236 984 324 immolatus

117 414 120 425 ·
165 377 224 439 est
239 384 313 469 pro
326 355 448 440 salute
466 359 601 442 mundi
615 389 629 459 ;
645 387 732 442 nam
749 359 797 441 de
811 354 984 468 parentis
1023 450 1028 458 Ι

167 471 396 584 protoplasti
425 470 561 558 fraude
580 475 715 556 Factor
743 467 984 570 condolens,

168 589 326 696 quando
349 587 455 698 pomi
474 587 636 674 noxialis
658 615 791 670 morsu
815 586 856 667 in
886 609 983 664 mot·

167 723 247 785 tem
281 701 428 791 cot‘ruit
445 730 456 779 ι
474 703 556 813 ipse
584 704 735 817 lignum
757 726 850 787 tunc
879 719 984 782 nota-

157 815 223 898 vit
242 811 290 895 ε*
304 817 465 899 Damna
481 818 579 929 ligni
597 840 642 900 ut
659 818 849 900 solveret.

162 922 220 1029 W.
255 929 485 1016 Lustrissex
511 933 577 1042 qui
598 931 987 1044 jamperactis‚tem·

169 1067 243 1156 pus
282 1041 446 1154 implens
480 1047 756 1158 corporis3-se
798 1045 985 1143 volente,
1028 1050 1031 1081 *

166 1180 281 1241 natus
299 1159 348 1241 ad
361 1157 437 1242 hoc
448 1219 461 1259 ‚
474 1163 642 1246 Passioni
659 1161 836 1256 deditus,
849 1165 986 1272 Agnus

168 1271 209 1354 in
228 1300 344 1355 cruce
365 1273 516 1359 levatur
541 1277 798 1360 immolandus
826 1273 986 1388 stipite.

163 1388 207 1470 D
226 1415 336 1471 amna
362 1388 459 1500 ligni
477 1414 546 1474 ut.

141 1503 222 1640 R.
253 1503 391 1612 Agnus
408 1505 485 1588 Dei
514 1501 727 1592 Christus.

155 1780 158 1785 ,
241 1681 336 1784 tu·
403 1684 919 1830 situum-us.
1029 1764 1031 1791 i

165 1897 326 2012 Antiph.
345 1889 532 1977 Omors.
724 1904 901 1987 Psalmus
923 1934 986 2013 50.
1027 1892 1031 1993 ff

397 2077 542 2163 Iserere
559 2075 638 2159 mei
652 2073 763 2160 Deus
778 2101 788 2151 ε
806 2072 830 2118 *
858 2100 989 2165 secun·

170 2091 378 2399 M
408 2193 505 2279 dum
546 2217 730 2304 magnam
775 2189 989 2282 misericor·

409 2306 514 2391 diam
542 2331 670 2390 tuam.

161 2432 232 2514 Et
262 2420 481 2507 secundum
514 2418 802 2506 multitudinem
835 2426 989 2513 misera·

169 2540 319 2624 tionum
349 2560 506 2622 tuarum
532 2570 545 2620 ι
571 2537 595 2585 *
625 2533 712 2619 dele
744 2534 987 2647 iniquitatem

170 2684 327 2742 meam.

161 2770 350 2883 Amplius
370 2768 453 2852 lava
469 2796 532 2851 me
550 2762 598 2850 ab
614 2763 818 2872 iniquitate
837 2792 930 2857 mea
947 2763 988 2849 z*

171 2883 211 2967 ὅ(
228 2895 251 2971 ὲ
267 2905 431 2997 peccato
447 2911 537 2965 meo
552 2880 700 2964 munda
714 2907 776 2959 me
793 2937 804 2957 .
948 2982 952 2987 .

161 3000 383 3118 Quoniam
412 2997 655 3107 iniquitatem
681 3021 807 3078 meam
824 3017 910 3106 ego
936 3024 986 3082 co

129 3224 147 3230 ..
173 3142 342 3229 gnoseos
359 3111 437 3192 *ἃ
462 3135 665 3225 peccatum
692 3137 827 3209 meum
856 3133 986 3198 contn

144 3245 230 3316 'me
259 3253 317 3316 est
332 3256 512 3346 semper·
715 3264 718 3272 ·
817 3227 938 3319 Τί·
