2070 3774
163 234 243 331 124
306 212 418 313 Ferin
432 240 472 302 v.
488 217 529 302 in
546 213 678 308 Coena
689 208 851 307 Domini

107 330 274 447 Antiph.
293 325 354 413 Ab
381 328 606 418 hominibus
638 324 779 437 iniquis
804 382 819 430 ,
858 326 908 412 li·

100 437 192 548 bera
221 469 315 544 me,
341 444 538 534 Domine.

107 562 266 680 Antipb.
292 558 460 647 Custodi
478 590 566 655 me·
628 565 800 653 Psalmus
819 596 914 681 140.

220 667 393 777 Omine,
415 676 574 763 clamavi
604 677 655 765 ad
681 700 743 777 te,
771 675 912 764 exaudi

230 815 293 872 me
313 816 325 868 ε
345 790 541 880 *intende
558 795 646 879 voci
664 815 797 888 meae,
822 800 914 884 clun

105 902 320 989 clamavero
347 908 398 993 ad
424 927 494 993 te.

106 1016 321 1134 Dirigitur
333 1020 560 1106 oratio'mea
584 1024 686 1107 sicut
712 1023 915 1109 incensum

103 1133 146 1216 in
161 1156 375 1249 conspectu
389 1157 459 1219 tuo
476 1166 487 1218 t
505 1133 711 1224 *elevatio
725 1154 913 1224 manuum

102 1248 277 1335 mearum
305 1249 539 1341 sacrificium
564 1251 854 1366 vespertinum.

110 1364 221 1450 Pone
260 1424 276 1466 ,
316 1363 487 1453 Domine
524 1425 539 1468 ,
587 1366 801 1452 custodiam
853 1368 915 1471 ori

105 1506 226 1565 meo:
251 1479 276 1528 *
301 1478 343 1563 ἃ
369 1483 512 1566 ostium
538 1480 840 1569 circumstantiae
867 1479 917 1566 la·

103 1588 178 1679 biis
206 1596 329 1679 meis.

41 1770 45 1777 -
106 1710 205 1793 Non
247 1708 417 1797 declines
448 1738 518 1796 cor
550 1740 680 1797 meum
724 1712 766 1798 in
796 1709 916 1798 verba

103 1823 292 1913 malitiae:
310 1822 334 1871 *
350 1827 402 1911 ad
427 1829 665 1914 excusandas
695 1829 916 1927 excusatio-

95 1967 175 2034 nes
203 1941 469 2054 inpeccatis.
754 1941 757 1945 ’

108 2050 224 2161 Cum
249 2053 474 2141 bominibus
505 2053 752 2169 operantibus
779 2055 916 2165 iniqui·

103 2191 250 2252 tatem:
276 2170 300 2217 '¹‘
326 2169 367 2250 u
396 2200 477 2256 non
508 2168 801 2256 communicabo
826 2198 917 2254 cum

57 2334 59 2339 .
105 2281 236 2370 electis
267 2312 429 2369 eorum.

111 2395 317 2512 Corripiet
344 2396 414 2484 me
441 2403 567 2509 justus
614 2399 657 2483 in
697 2398 917 2482 misericor·

107 2513 197 2618 dia,
224 2513 264 2599 ὅ(
299 2511 511 2628 increpabit
535 2544 596 2599 me
615 2541 627 2593 t
646 2513 818 2597 *oleum
847 2542 917 2600 au-

105 2651 185 2713 tem
214 2632 427 2744 peccatoris
443 2659 524 2716 non
556 2629 776 2744 impinguet
803 2651 918 2744 caput

105 2773 266 2833 meum.

114 2859 312 2970 Quoniam
337 2858 465 2944 adhuc
482 2855 667 2943 &oratio
683 2883 770 2941 mea
788 2858 830 2942 in
843 2853 918 2943 be·

104 2970 304 3087 neplacitis
338 3001 472 3060 eorum
504 3001 515 3051 ε
549 2969 574 3018 *
617 2970 787 3087 absorpti
827 2993 920 3059 sunt

106 3090 228 3201 iuncti
256 3111 382 3205 petrae
411 3090 560 3202 judices
586 3116 743 3173 eorum.

119 3204 287 3300 audient
315 3202 433 3315 verba
476 3233 590 3309 mea,
616 3202 801 3319 quoniam
842 3228 918 3314 po-

776 3340 859 3403 tue·
