2070 3774
339 224 404 314 Ad
416 222 681 311 Matutinumi
803 225 888 338 ⁸7.

105 339 266 427 Parruli
293 345 378 452 ejus
405 339 514 428 ducti
541 335 703 455 suntin
729 341 924 456 caprivita·

103 480 188 543 tem
207 481 295 543 ante
310 455 451 544 faciem
470 457 716 546 tribulantis·
768 538 771 543 .

104 577 233 659 Vsu.
264 575 314 658 Et
341 598 601 689 egressusest
624 581 648 662 a
673 570 753 659 filia
767 567 922 659 Sione-

104 690 208 773 mnis
242 689 362 775 decor
377 695 464 800 ejus
483 689 601 778 :facti
618 711 710 776 sunt
722 687 923 804 Principes

106 810 191 918 ejus
205 804 316 889 velut
329 805 467 892 arietes
479 833 561 891 non
576 806 816 893 invenientes
835 832 918 917 pas·

105 948 212 1020 cua,
234 918 274 1002 &
299 917 480 1007 abierunt
511 917 651 1034 absque
688 919 917 1006 fortitudine

107 1054 198 1119 ante
211 1031 350 1144 faciem
368 1032 664 1148 subsequentis.
679 1034 918 1148 Jerusalem,

104 1151 320 1259 Jerusalem
336 1149 417 1236 dre.

106 1271 164 1359 lle.
190 1266 331 1352 Tristis
357 1287 415 1349 eat
444 1264 573 1352 anima
598 1296 686 1360 mea
714 1280 850 1375 usque
865 1271 916 1354 ad

105 1402 301 1484 mortem
331 1381 518 1467 sustinere
547 1372 652 1484 hie,
683 1380 725 1464 dr
755 1381 915 1494 vigilate

105 1524 276 1581 mecum:
295 1523 400 1582 nunc
414 1493 596 1584 videbitis
620 1492 801 1595 turbam,
827 1523 916 1608 quae

103 1609 362 1699 circumdabit
376 1638 440 1696 me
452 1641 468 1694 r
482 1607 507 1658 '¹‘
531 1618 617 1699 Vos
632 1611 773 1726 fugam
789 1612 915 1729 papie·

104 1729 167 1829 tis,
179 1727 221 1809 dr
234 1753 313 1843 ego
323 1727 465 1814 vadam
481 1727 672 1814 immolari
688 1754 762 1844 pro
774 1725 914 1813 vobis.

104 1842 160 1948 yll.
191 1845 293 1930 Ecce
308 1843 589 1958 appropinquat
602 1844 723 1930 hora:
738 1841 779 1924 dr
796 1843 919 1955 Filias·

103 1958 277 2048 hominis
299 1959 478 2044 tradetur
499 1961 542 2044 in
564 1985 702 2047 manus
730 1955 914 2074 peccalo-
949 2002 953 2009 ·

101 2097 217 2158 rum·
250 2078 334 2165 Vos
352 2073 429 2159 dre.

379 2192 518 2278 Lectio
534 2190 591 2277 iii.
755 2184 913 2272 :Zain.

212 2303 405 2390 Ecordata
429 2325 488 2390 est
514 2288 726 2414 Jerusalem
759 2300 915 2386 dierum

212 2415 443 2506 ‘afflictionis
460 2445 543 2503 suae
553 2479 567 2521 ,
577 2415 617 2498 dr
633 2416 916 2530 pravaricatio

100 2531 163 2618 nis
181 2536 359 2619 omnium
384 2531 698 2621 desiderabilium
725 2559 914 2636 suorum,

101 2674 195 2758 quae
208 2645 399 2736 habuerat
413 2657 435 2736 al
451 2649 589 2733 diebus
605 2647 774 2759 antiquis
789 2677 801 2729 ε
822 2653 916 2733 clam

100 2768 269 2850 caderet.
281 2765 451 2880 populus
469 2770 553 2876 ejus
568 2764 608 2850 in
624 2792 743 2848 manu
759 2760 916 2868 hostili,

102 2877 145 2960 ἃ
158 2909 241 2966 non
257 2903 356 2968 esset
373 2879 599 2966 auxiliator.
616 2878 814 2963 Viderunt
828 2907 916 2965 eam

100 2996 234 3083 hostes
248 3025 263 3099 3
279 2995 320 3079 ὃ(
338 2993 556 3081 deriserunt
572 2991 728 3082 sabbata
741 3000 855 3104 ejus.

87 3113 221 3210 Heth
237 3173 247 3194 .
265 3116 471 3213 Peccatum
484 3115 660 3223 peccavit
673 3109 914 3224 Jerusalem:

102 3220 703 3355 proptereainstabilislactaest
718 3289 728 3311 .
742 3222 913 3358 Omnes,

303 3401 305 3405 ’
789 3367 857 3451 qur
