2070 3774
284 188 609 280 neminemnam
733 212 817 303 329

58 301 207 386 etenim
237 298 447 387 haereditus
474 329 562 388 men
592 301 785 416 praeclara
814 326 874 395 eut

62 417 186 500 mihi.
841 442 846 451 ·

51 528 303 619 Benedicam
334 530 553 616 Dominum
579 590 594 632 ‚
636 534 706 643 qui
740 531 878 625 tribuit

60 647 158 729 mihi
190 645 456 731 intellectum:
474 643 498 693 *
515 646 731 760 insuper&
747 678 873 761 unque

61 760 112 845 rd
124 784 279 847 noctem
291 764 570 875 increpuerunt
581 790 642 847 me
656 790 768 849 renes
780 767 875 849 mei.

52 882 84 966 Ρ
93 874 326 961 rovidebam
340 875 560 960 Dominum
593 878 634 960 in
665 903 878 992 conspectu

60 1018 151 1077 meo
180 1018 371 1106 semper:
405 987 430 1037 *
458 991 641 1102 quoniam
677 999 700 1078 ἐι
732 996 881 1081 dextris

61 1129 120 1191 ent
151 1106 276 1207 mihi,
304 1105 355 1189 ne
386 1135 660 1193 commovear.

59 1230 235 1334 Propter
252 1222 329 1304 hoc
348 1220 524 1307 laetatum
552 1244 610 1305 ert
637 1248 882 1323 cormeum,

61 1334 102 1416 ἃ
120 1335 304 1421 exultavit
321 1337 457 1447 lingua
482 1366 569 1422 mea
584 1368 597 1419 e
612 1333 636 1382 *
650 1338 810 1451 insuper
840 1338 882 1420 ἃ

62 1478 155 1536 caro
171 1479 259 1533 men
275 1451 491 1560 requiescet
507 1454 549 1535 in
562 1478 631 1564 epe
647 1510 659 1532 .

58 1565 272 1677 Quoniam
312 1582 394 1650 non
428 1564 675 1676 derelinques
712 1564 882 1649 animam

62 1706 189 1766 meam
206 1681 246 1764 in
264 1677 443 1764 inferno:
458 1680 482 1725 *
493 1712 565 1766 nec
582 1677 693 1764 dabis
708 1700 883 1767 sanctum

61 1817 176 1879 tuum
200 1795 336 1880 videre
367 1795 693 1908 corruptionem.

61 1917 195 1999 Notas
227 1910 325 1994 mihi
348 1907 474 1994 fecisti
500 1913 583 1996 vias
609 1914 731 2011 vitae3
763 1911 885 1996 adim-

62 2021 186 2136 plebis
214 2053 276 2107 me
304 2025 443 2109 laetitia
471 2054 561 2108 cum
590 2028 704 2109 vultu
733 2047 833 2108 tuo:
860 2021 885 2071 *

61 2139 338 2226 delectationes
357 2141 398 2224 in
415 2140 574 2225 dextera
604 2164 672 2226 tua
687 2166 809 2251 usque
844 2140 886 2224 in

62 2256 210 2337 finem.

66 2378 225 2479 Antion.
259 2364 369 2453 Caro
390 2399 477 2454 mea
496 2369 711 2482 requiescet
733 2371 773 2459 in
787 2385 887 2487 epe}
955 2414 961 2441 ι

63 2488 119 2585 Ὺ.
149 2488 195 2568 ln
222 2509 317 2595 pace
349 2484 390 2567 in
420 2487 618 2597 idipsum.
739 2564 744 2573 .

64 2606 131 2697 R,
151 2597 380 2699 Dormiam‚
408 2599 449 2679 ἃ
479 2604 722 2710 requiescam
739 2598 765 2685 ‚³

176 2714 242 2798 De
268 2715 564 2799 Lamentatione
590 2717 772 2824 Jeremiae

337 2828 570 2951 Prophetae.
692 2842 885 2951 Threnq.

392 2956 527 3040 Lectio
547 2960 572 3039 i.
732 2944 886 3061 Aleph·

178 3050 365 3140 Uomodo
425 3058 678 3147 obscuratum
721 3085 779 3145 ent
825 3089 891 3143 au-

190 3196 279 3256 rum
307 3229 321 3273 ,
348 3194 522 3266 mutatur
550 3201 609 3266 eet
639 3174 751 3261 color
784 3175 891 3287 opti·-

718 3313 829 3375 mus:
