2070 3774
357 201 421 288 Ad
435 197 704 288 Matutinum·
791 226 878 319 253
947 212 957 231 ‘

120 344 241 433 gna-e
260 312 379 417 Deua
411 340 547 418 meur,
575 313 687 431 Deua
713 342 826 403 meua
844 324 936 421 ,ut

118 435 217 546 quid
232 465 295 521 me
310 432 584 542 dereliquisti?
601 433 625 481 *
642 434 714 549 ‚Ee
748 431 942 539 inclinato

69 578 73 585 ·
120 553 272 669 capite,
302 553 428 636 emisit
458 550 667 662 spiritum.

118 659 175 765 ill.
204 664 314 752 Cum
342 693 442 782 ergo
456 668 665 781 accepisset
682 685 862 765 acetum,
880 666 935 751 di·

117 786 176 867 xit
191 819 200 863 ε
215 781 635 875 Contummatumeat.
649 784 708 865 Et
723 783 930 868 inclinato.

419 900 556 985 Lectio
583 900 638 983 vi.
921 914 932 999 J

240 1011 321 1096 Uid
349 1042 440 1099 eutn
471 1012 625 1129 gravari
660 1014 781 1116 ninia,
807 1009 833 1091 ὸ
865 1014 932 1103 Pi·

242 1130 348 1231 late,
391 1131 439 1216 de
485 1126 663 1214 affectata
709 1130 930 1240 potentia,

114 1248 228 1356 cuius
244 1245 419 1361 specialia
444 1243 518 1331 fuit
536 1245 584 1330 de
601 1244 815 1329 humilitate
831 1244 931 1330 doc-

116 1362 215 1446 trina
243 1360 264 1444 ‘i
295 1362 480 1446 Romania
520 1357 676 1472 legibus
716 1389 798 1444 non
828 1390 928 1447 con·

113 1476 309 1578 tradixit3
340 1503 498 1560 centum
536 1474 657 1559 aubiit
682 1536 695 1577 ,
722 1476 927 1593 didragma
1006 1500 1014 1513 ’

112 1591 250 1689 solvit,
279 1589 484 1706 vectigalia
507 1623 588 1678 non
611 1587 807 1693 inhibuit,
832 1622 926 1705 quae

109 1732 203 1794 sunt
220 1705 410 1814 Caesarie,
425 1702 575 1796 Camari
590 1706 794 1795 reddenda
809 1735 927 1797 com·
1025 1742 1028 1748 ·

110 1825 242 1926 tituit,
266 1844 536 1938 paupertatem
566 1824 710 1937 elegit,
735 1820 925 1911 obedien·
989 1870 994 1877 ·

62 2042 64 2046 Ι
110 1941 205 2024 tiam
219 1938 360 2039 ruerit,
374 1940 712 2027 mansuetudinem
729 1939 926 2056 praedica·

109 2057 193 2140 vit.
224 2057 312 2140 Hoc
355 2076 415 2138 ert
443 2052 537 2140 vere
567 2085 649 2142 non
688 2050 922 2171 impugnare
954 2152 970 2163 ,

70 2244 74 2249 .
111 2168 333 2271 Caesarem,
360 2170 432 2255 aed
455 2174 610 2281 juvare.
639 2172 922 2280 Verumtamen

109 2283 160 2371 ne
191 2289 232 2371 in
254 2309 380 2372 totum
412 2284 535 2370 inanit
560 2288 740 2372 videatur
767 2286 922 2397 Judaeu-

107 2431 197 2485 rum
226 2400 398 2514 objectio
429 2432 444 2501 3
488 2402 638 2493 discute
688 2402 922 2518 diligentius

107 2521 253 2604 Praenes
268 2548 283 2621 3
300 2516 398 2630 quid
415 2515 467 2597 de
485 2517 648 2602 Domini
673 2522 763 2629 Jeru
788 2518 922 2631 operi-

103 2628 177 2719 bua
191 2657 329 2718 notum
344 2635 421 2718 ait:
437 2632 534 2743 quid
547 2633 596 2719 de
609 2655 801 2747 potestate
818 2658 923 2717 com·

104 2775 261 2864 pertum
280 2811 290 2832 .
309 2745 448 2835 Cuecir
476 2749 630 2849 virum,
660 2750 785 2836 aurdia
812 2744 922 2833 audi&

105 2890 213 2965 tum,
242 2864 389 2950 claudia
421 2888 626 2978 gressum,
652 2867 770 2951 mutia
802 2864 923 2969 doua-

104 2981 163 3062 vit
192 2980 417 3090 eloquium.
446 2977 586 3067 Febrea
614 2976 775 3095 abegit,
802 2978 919 3065 dolo·

104 3123 167 3180 res
199 3094 385 3194 resolvit,
413 3094 611 3184 doemonia
643 3097 788 3206 eiecit,
814 3122 923 3188 more¹

102 3233 191 3298 tuoa
217 3209 463 3300 vivificavit·
506 3214 621 3331 Hane
659 3239 759 3331 ergo
785 3211 916 3407 {Jfffiaei

261 3372 265 3379 ·
705 3350 716 3359 ‘
762 3358 790 3415 o
815 3358 859 3443 1¹·
