2070 3774
163 197 249 283 228
384 200 497 288 feria
523 205 658 312 quinta

105 307 147 392 dx
176 337 388 425 cognoscat
423 319 593 402 mundus
625 317 756 428 ‚quia
783 340 827 400 tu
857 346 920 403 me
950 411 956 419 ,

108 430 272 532 misisti,
300 428 340 512 ὅ(
369 432 535 519 dilexisti
566 461 658 532 eos,
688 432 922 518 sicutdxme

109 543 279 635 dilexisti
295 549 478 650 ··Pater,
504 573 601 660 quos
625 549 765 634 dedisti
794 548 922 647 mihi,

109 662 229 760 volo,
258 684 302 744 ut
316 659 382 744 ubi
400 693 487 748 sum
504 688 607 778 ege,
623 663 664 744 di
682 661 738 745 illi
753 662 830 749 sint
846 693 923 748 me·

109 803 201 865 cum
230 803 241 853 τ
271 800 315 858 ut
345 779 500 866 videant
533 780 741 863 claritatem
770 807 921 878 meam,

110 919 227 1002 quam
245 891 382 976 dedisti
399 896 495 1005 mihi
512 927 523 978 ε
539 896 630 1004 quia
658 892 830 976 dilexisti
859 921 922 977 me

10 1064 14 1071 -
108 1028 198 1092 ante
231 1009 547 1095 constitutionem
591 1006 766 1090 mundi.
807 1009 924 1091 Pater

39 1129 42 1133 ’
109 1126 236 1231 juste,
261 1125 431 1208 mundus
450 1148 487 1210 te
502 1153 583 1210 non
599 1123 786 1235 cognovit
802 1149 817 1220 3
834 1123 923 1234 Ego

82 1259 238 1323 -autem
267 1260 307 1320 te
339 1241 547 1354 cognovi:
579 1237 688 1319 &hi
720 1260 925 1349 cognove-

108 1355 337 1467 ronnquia
359 1379 402 1440 tu
432 1383 494 1436 me
522 1353 687 1438 misisti.
710 1352 761 1434 Et
787 1373 926 1434 notum

109 1467 186 1554 feci
211 1471 268 1556 eis
294 1500 438 1557 nomen
459 1494 601 1571 tuum,
629 1466 672 1547 δι
698 1488 836 1549 notum
866 1465 926 1551 la-

39 1614 43 1622 ·
112 1585 237 1669 ciam:
254 1605 300 1667 ut
329 1584 507 1684 dilectio,
538 1610 618 1692 qua
635 1580 809 1666 dilexisti
837 1609 926 1684 me,

17 1792 19 1799 Ι
113 1698 155 1784 in
177 1699 269 1831 ipsis
284 1700 351 1799 sit,
363 1698 404 1780 dc
421 1725 498 1811 ego
514 1698 554 1783 in
572 1697 691 1814 ipsis.

151 1812 293 1896 Finito
324 1813 512 1900 Sermone
544 1814 627 1898 sine
660 1811 738 1897 Tu
771 1826 927 1909 autem,

110 1926 275 2014 Praelato
290 1928 447 2042 signum
463 1926 651 2027 faciente,
666 1921 733 2012 su'r
763 1936 925 2041 antom-

108 2047 199 2144 nes‚'
216 2041 256 2123 dx
274 2045 427 2128 dicente
453 2044 587 2130 Priore
602 2035 715 2144 lilii
742 2039 928 2146 sutorium

113 2177 309 2255 nostrum,
326 2158 402 2243 διε.
440 2156 481 2239 dc
513 2155 725 2245 Conventu
755 2160 812 2248 lle.
842 2149 927 2261 Qui

117 2269 210 2356 fecit
238 2271 311 2358 dxc.
338 2295 435 2358 tunc¹
460 2271 687 2374 Diaconos,
711 2271 754 2354 dc
783 2275 926 2362 Minis-

112 2391 158 2471 αἱ
190 2391 447 2506 accipientes,
474 2416 566 2501 quse
589 2392 641 2475 ad
673 2389 777 2502 ipsos
805 2392 928 2503 perti·

96 2527 225 2604 nent,
252 2533 301 2592 eo
326 2505 492 2607 ordine,
520 2535 603 2618 quo
628 2510 848 2608 venerunt,
877 2509 930 2593 ad
961 2530 963 2537 ·

107 2619 327 2708 Sacristiam
352 2643 619 2709 revertannxr.
648 2612 813 2703 Chorus
856 2623 959 2706 nu-¹

108 2757 188 2820 tem
214 2735 317 2820 dicat
342 2731 658 2852 Completorintn
673 2795 685 2835 ‚
700 2734 733 2819 si
768 2764 931 2851 compe·-

107 2870 194 2935 rens
221 2853 322 2938 hora
350 2849 497 2938 fuerit:
522 2850 694 2964 alidquin
725 2844 830 2936 facto
856 2852 929 2937 eli-

107 2993 189 3077 quo
216 2968 402 3085 temporis
431 2969 676 3073 intervallo,
704 2964 804 3056 hora
840 2965 931 3055 ido·

110 3109 186 3170 nea
205 3108 406 3176 cantetur.

577 3251 875 3401 ‚no
