2070 3774
360 185 406 268 in
432 182 660 272 Laudibusi
779 213 863 302 273

105 301 148 386 in
175 292 307 383 finon
332 291 613 413 obstupefacies
633 320 801 414 gentes.

101 416 300 529 Egressus
313 439 353 496 es
368 415 409 498 in
425 414 589 498 salutem
605 415 741 530 populi
760 413 857 502 tuit*
872 419 913 504 in

100 532 266 619 salutern
292 556 382 612 cum
398 525 564 615 Christo
593 555 689 614 tu0.

106 644 332 732 percussisti
366 667 484 759 caput
516 646 710 732 dedomo
736 642 919 758 impiis*

104 759 311 848 denudasti
340 759 638 848 fundamentum
659 767 767 876 ejus,
794 783 919 876 usque

105 876 158 961 ad
184 874 358 962 collum.

105 990 354 1083 Maledixisti
384 993 546 1106 sceptris
562 998 671 1106 ejus,
686 993 803 1114 capiri
835 988 923 1080 bel-

81 1109 275 1193 -iatorum
303 1112 413 1218 ejus:
430 1103 737 1217 *venientibus,
764 1119 811 1198 ut
839 1120 925 1218 rur'-

105 1221 190 1327 bu,
219 1222 270 1309 ad
302 1224 609 1338 dispergendum
637 1255 733 1314 me.

106 1339 315 1426 Exultatio
346 1338 551 1424 ebrumt*
580 1343 682 1426 sicut
714 1347 827 1452 ejus,
853 1341 922 1456 qui
1017 1410 1022 1417 .

110 1460 269 1542 devorat
288 1482 499 1588 pauperem
516 1455 557 1539 in
572 1455 824 1542 abscondito.

107 1568 374 1673 Viamfecistr
402 1571 555 1655 inmari
583 1575 692 1684 equis
709 1574 806 1660 tuis:
827 1568 852 1618 *
882 1570 925 1657 in
951 1576 955 1584 '

110 1687 196 1773 luto
222 1713 410 1798 aquarum
440 1686 674 1772 multarum.

108 1803 302 1902 Audivi,
342 1800 383 1882 ἃ
417 1800 669 1889 conturbatus
698 1828 756 1888 est
791 1821 928 1894 venter

111 1945 221 2003 meus
239 1955 248 1997 ι
267 1914 291 1961 *
320 1921 342 2000 a
368 1945 467 2004 voce
502 1932 824 2006 contremuerunt
867 1914 928 2001 la-

111 2031 176 2119 bia
205 2058 319 2116 mea.
407 2069 411 2072 ⁴
541 2134 544 2139 Ι

114 2147 373 2264 Ingrediatur
385 2148 553 2266 putredo
567 2148 609 2235 in
627 2145 778 2236 ossibus
793 2140 930 2235 meist*

115 2265 156 2350 ἃ
184 2263 316 2351 subter
337 2296 399 2351 me
428 2288 601 2353 scateat.

112 2384 180 2466 Ut
207 2383 445 2493 requiescam
468 2383 595 2469 indie
623 2376 931 2465 tribulationie*

119 2519 163 2584 ut
187 2495 391 2583 ascendam
419 2497 470 2584 ad
496 2496 689 2615 populum
718 2494 933 2582 accinctum

118 2638 327 2705 nostrum.
944 2721 946 2725 ‚

114 2733 243 2817 Ficus
261 2728 366 2816 enim
381 2758 462 2814 non
481 2723 634 2815 florebit
647 2770 658 2817 ε
669 2724 694 2776 *
710 2724 751 2813 &
765 2749 848 2813 non
862 2721 938 2811 etit

119 2874 287 2964 germen
318 2846 361 2929 in
391 2845 543 2930 vineis.
628 2923 631 2928 .

115 2971 163 3052 Μ
177 2961 348 3049 entietur
366 2987 466 3075 opus
482 2961 601 3048 olivae
614 2991 627 3044 t
639 2953 726 3039 *δι
749 2982 841 3045 arra
855 2978 938 3042 uon

124 3072 293 3166 afferent
320 3072 475 3162 cibum.

114 3188 385 3289 Abscindetur
415 3193 466 3284 de
482 3188 716 3395 osffi'pecru
733 3217 745 3273 a
762 3182 788 3234 *
802 3180 949 3318 &pon

610 3331 636 3421 5
809 3320 885 3388 ent
974 3410 977 3414 Ι
