2070 3774
323 185 650 274 AdMatutinum.
764 206 848 301 335

91 301 183 386 culo
214 307 298 413 ejus
336 302 500 386 hostiam
528 296 813 386 vociferationis
841 298 909 381 a*

90 416 292 519 cantabo,
333 417 373 499 δι
421 416 612 531 psalmum
661 415 788 501 dicam
827 416 912 502 Do·

92 562 230 617 mmo.

93 647 274 749 Exaudi,
292 646 489 748 Domine,
504 676 642 733 vocem
663 675 815 746 meam,
830 674 909 758 qua

89 761 252 850 clamavi
282 765 332 847 ad
367 791 432 850 te:
461 762 484 809 *
516 765 698 850 miserere
730 763 836 867 mei,
865 756 908 841 <a

89 880 231 965 exaudi
264 907 356 961 me.
757 924 759 929 .

93 990 188 1083 Tibi
224 995 320 1079 dixit
351 1021 604 1094 cormeum,
632 991 841 1103 exquisivit
866 1014 907 1079 te

88 1107 206 1195 facies
239 1141 325 1195 mea
348 1137 360 1189 t
385 1114 409 1156 '¹‘
434 1107 573 1194 faciem
603 1131 736 1210 tuam,
762 1106 908 1192 Domi·
971 1110 978 1120 ’

91 1254 173 1326 ue,
199 1227 421 1336 requiram.
498 1316 504 1327 ,

92 1339 162 1425 Ne
192 1367 341 1426 avertas
358 1339 498 1426 faciem
516 1364 621 1425 tuam
644 1343 666 1422 ai
692 1364 756 1423 me
774 1369 786 1422 a
803 1334 828 1383 ²¹¹
857 1335 909 1422 nd

89 1456 260 1540 declines
290 1459 329 1540 in
360 1458 417 1541 ira
443 1462 465 1541 ἐι
495 1484 611 1541 servo
636 1477 733 1536 tuo.

90 1573 265 1681 Adjutor
281 1599 391 1654 meus
407 1595 519 1657 esto:
545 1569 569 1617 *
592 1566 642 1652 ne
663 1565 909 1680 derelinquar

87 1717 183 1788 me,
209 1705 340 1798 neque·
365 1687 555 1804 despicias
583 1713 673 1787 me,
702 1683 815 1765 Deus
845 1711 907 1768 sa-

90 1803 223 1888 lutaris
248 1832 387 1886 meus.

91 1916 294 2026 Quoniam
319 1939 431 2033 pater
468 1938 602 2016 meus,
618 1911 658 1994 ἃ
674 1932 796 1997 mater
821 1940 910 1999 mea

89 2032 378 2145 dereliquerunt
403 2063 466 2119 me
486 2030 538 2116 z*
554 2029 751 2116 Dominus
779 2050 909 2114 autem

88 2150 294 2262 assumpsit
324 2178 417 2233 me.

93 2265 250 2375 Legem
281 2292 384 2377 pone
419 2258 541 2364 mihi,
556 2258 727 2346 Domine
742 2320 755 2360 ‚
773 2260 814 2342 in
841 2260 907 2342 via

92 2399 160 2462 rua
178 2409 189 2460 t
209 2378 233 2424 *
261 2378 301 2460 dt
330 2378 459 2492 dirige
485 2406 547 2465 me
574 2379 616 2461 in
637 2376 810 2461 semitam
827 2392 910 2458 rec-

93 2514 174 2576 tam
200 2518 360 2607 propter
388 2494 563 2578 inimicos
593 2518 729 2576 meos.
895 2578 898 2583 ,

92 2607 160 2690 Ne
198 2609 405 2696 tradideris
439 2637 500 2692 me
532 2612 572 2693 in
612 2607 755 2691 animas
790 2593 911 2687 tribu·

90 2724 251 2808 lantium
281 2756 343 2812 me
368 2753 380 2805 r
417 2720 441 2771 *
471 2725 656 2837 quoniam
689 2721 911 2804 insurrexe-

89 2863 185 2923 runt
214 2839 254 2922 in
283 2869 345 2926 me
373 2860 489 2926 testes
516 2839 666 2953 iniqui,
692 2835 733 2918 dt
749 2830 909 2918 mentita

93 2975 152 3037 est
184 2954 366 3066 iniquitas
398 2950 503 3040 sibi.
891 2948 896 2962 '

95 3064 237 3153 Credo
254 3070 388 3158 videre
404 3069 508 3158 bona
525 3067 688 3157 Domini
704 3065 753 3148 t*
768 3064 810 3149 in
826 3084 908 3179 ter·

90 3211 136 3270 ra
166 3186 408 3272 viventium.
497 3218 500 3222 ’

769 3308 854 3389 Ex-
