2070 3774
185 200 242 287 94
425 172 538 261 Feria
551 174 688 285 quinta

128 281 185 374 Et
200 291 360 402 gloriati
372 314 463 377 sunt
479 288 757 404 ‚qoiodertmt
772 312 809 379 te
827 322 839 376 ε
855 294 879 344 *
895 298 939 383 in

125 409 260 492 medio
273 409 523 495 solemnitatis
540 430 620 491 tuae
636 466 648 490 .

130 522 476 639 Posueruntsigna
490 551 587 631 sua,
605 523 720 634 sIgna
735 553 746 606 ε
761 520 786 571 *
799 521 840 603 δι
852 551 938 612 non

125 663 401 751 cognoverunt
412 641 514 726 sicut
526 642 567 725 in
580 638 687 725 exitu
700 665 819 754 super
831 667 937 724 sum·

123 780 264 840 mum.

127 863 254 973 Quasi
286 871 329 954 in
354 868 470 978 sylva
498 869 700 985 lignorum
732 863 937 954 securibus

119 985 352 1070 exciderunt
369 989 502 1095 januas
532 1013 618 1095 etus
641 986 685 1070 in
710 983 937 1097 idipsumz*

117 1097 163 1184 in
191 1102 347 1202 securi,
366 1098 407 1182 ἀ
425 1104 529 1186 ascia
544 1102 775 1213 dejecerunt
791 1129 905 1185 eam.

129 1213 393 1303 Incenderunt
409 1217 493 1328 igni
502 1215 766 1303 sanctuarium
781 1210 934 1299 tuumt*

114 1321 158 1416 in
175 1355 278 1418 terra
293 1329 522 1444 polluerunt
538 1330 835 1423 tabernaculum
859 1359 935 1418 no-

112 1471 232 1531 minis
250 1470 339 1532 tut.

120 1557 321 1649 Dixerunt
334 1565 376 1648 in
392 1561 510 1650 corde
528 1588 629 1664 suo,
646 1564 832 1677 cognatio
861 1591 934 1649 eo·

110 1697 203 1760 rum
228 1678 346 1762 simul
362 1711 373 1762 ε
389 1679 414 1725 *
441 1672 855 1789 quiescerefacismus
883 1705 932 1762 o·

109 1817 225 1885 mnes
238 1793 327 1879 ¹dies
343 1792 463 1880 festos
475 1791 557 1879 Dei
574 1798 597 1879 it
614 1815 716 1879 tetra
733 1852 745 1877 .
800 1846 803 1850 ι

119 1902 244 2024 Signa
273 1931 405 1995 nostra
419 1936 501 1997 non
517 1909 716 2010 vidimus;
740 1911 822 2019 jam
849 1935 932 1995 non

109 2045 169 2108 est
183 2024 408 2148 Propheta:
425 2023 451 2071 '¹‘
462 2022 504 2107 δι
522 2051 594 2110 nos
609 2038 694 2110 'non
714 2049 932 2136 cognoscet

109 2140 310 2251 ampliits.
418 2201 421 2207 ·
657 2146 660 2153 ’

114 2240 352 2365 Usquequo‚
361 2251 489 2356 Deus,
503 2247 785 2370 improperabit
798 2253 930 2339 inimi-

106 2392 176 2452 cus
192 2366 240 2453 ε*
258 2369 382 2456 irritat
395 2371 642 2460 adversarius
655 2394 802 2457 nomen
812 2392 927 2456 tuum

15 2570 18 2575 .
103 2478 149 2564 in
177 2479 336 2570 finem?
381 2521 391 2532 ··
573 2542 577 2550 -

111 2588 172 2680 Ut
195 2600 294 2712 quid
320 2599 466 2685 avertis
511 2626 672 2690 manum
708 2619 855 2704 tuamss,
884 2599 935 2683 &i

106 2704 308 2804 dexteram
337 2738 446 2802 tuam
459 2749 475 2804 ε
488 2715 514 2766 *
529 2719 580 2807 de
595 2712 729 2804 medio
744 2717 837 2802 sinu
855 2738 926 2802 tuo

108 2823 154 2912 in
183 2829 344 2918 finem?
694 2878 697 2883 ¹

45 2996 48 3003 ·
104 2934 229 3037 Deus.
245 2970 377 3036 autem
388 2951 476 3037 Rex
490 2970 626 3036 noster
642 2967 733 3036 ante
747 2947 925 3034 seculus*

100 3082 130 3144 o
158 3089 288 3151 eratus
307 3088 366 3153 est
380 3065 555 3154 salutem
576 3065 618 3152 in
631 3062 764 3152 medio
778 3066 926 3150 terre.

102 3260 104 3269 ,
145 3207 175 3264 u
194 3183 430 3306 confitmasti
449 3183 655 3278 insist-tete
671 3204 740 3272 tus
754 3179 926 3273 mereti}

771 3319 863 3382 con-
