2070 3774
103 248 106 253 ‹
179 198 224 279 ln
239 194 367 280 Hamis
385 192 630 280 Palmamm.
731 221 784 307 ¹3

74 299 288 419 pectebant
316 326 453 390 onmes
467 298 598 389 Sancti
613 299 662 389 ab
690 307 752 391 ori
783 308 846 395 ine

74 420 192 505 andi:
224 421 275 503 Et
304 447 411 503 nunc
440 421 628 504 Hosanna
654 420 738 504 filio
753 332 847 511 ih·

74 535 125 619 d:
154 532 385 623 benedictus
398 595 413 636 ,
428 534 495 646 qui
524 534 633 618 venit
662 534 704 619 in
719 542 849 625 nomi·

89 651 262 737 Domini
278 655 493 739 eHosanna
508 647 550 733 itt
568 649 761 739 excelsis.
847 712 850 719 -

74 775 168 857 )um
184 798 312 860 autem
335 776 531 888 praedicta
543 775 707 971 Anpiph.
724 793 858 871 canta-,-

74 917 125 990 r,
158 889 238 975 duo
254 891 409 978 Fratres
427 888 595 1001 ,quibus
654 914 766 975 antor
792 890 855 974 in·

75 1007 227 1106 nxerit,
243 1007 392 1090 intrent
405 1006 616 1091 Ecclesiam
630 1066 644 1106 ,
657 1005 722 1089 vel
738 1002 858 1092 Cho-
982 1099 987 1109 ‚

74 1152 146 1219 m,
174 1120 216 1203 dt
248 1122 385 1206 clauso
418 1125 519 1207 ostio
562 1144 705 1206 stantes
732 1123 858 1207 versis

74 1235 203 1321 tltibus
234 1239 288 1323 ad
318 1232 596 1340 Contentum,
624 1237 734 1320 finita
762 1238 856 1321 Ant.

77 1354 270 1455 aedicta,
313 1374 466 1445 cantent
509 1376 611 1439 totos
653 1376 858 1462 sequentes

76 1462 134 1566 ill.
149 1472 201 1553 Et
230 1470 325 1552 dum
349 1471 390 1552 lri
408 1499 544 1555 versus
573 1490 777 1553 cantantur
806 1463 857 1551 ab

74 1585 124 1666 sis
157 1582 313 1668 duobus
330 1584 556 1689 Fratribus,
573 1581 736 1668 Chorus
763 1610 856 1671 ver-

74 1726 89 1783 t
117 1728 157 1782 se
192 1701 243 1783 ad
276 1697 479 1789 Crucem.

79 1877 89 1897 .
119 1810 286 1919 Gloria,
316 1814 486 1920 laun&
515 1817 645 1903 honor
671 1811 742 1901 tibi
770 1820 851 1919 sit,

74 1961 118 2018 ex
134 1929 299 2018 Christe
327 1935 552 2048 redemptor
565 1965 580 2036 3
595 1931 678 2018 Cui
698 1931 849 2049 puerile

74 2077 154 2136 ecus
169 2055 361 2166 prompsit
376 2053 561 2139 Hosatma
573 2049 711 2165 pium.

74 2165 197 2248 Finito
225 2165 304 2248 hoc
324 2163 648 2269 versu,Chorus
678 2162 861 2251 eumdem

74 2293 93 2365 ·.
120 2276 260 2366 Gloria
275 2278 353 2367 dte.
381 2308 508 2370 totum
524 2304 700 2396 repetat.

74 2395 193 2481 einde
208 2399 392 2509 praedicti
410 2402 488 2483 duo
506 2400 655 2482 Fratres
675 2418 857 2483 cantent:

74 2524 92 2594 “.
122 2512 239 2598 lsrael
254 2539 296 2599 es
312 2534 355 2598 tu
369 2518 453 2602 Rex
470 2511 662 2616 ,Davidis
678 2511 718 2594 dr
734 2513 853 2621 inctya

102 2631 234 2743 proles
257 2661 270 2713 a
296 2631 466 2716 Nomine
496 2630 563 2743 qui
593 2629 637 2716 in
661 2628 856 2735 Domini,

74 2777 117 2831 ex
149 2742 382 2850 benedicte,
416 2747 559 2833 venis.
610 2745 772 2830 Chorus
802 2748 859 2837 lic.
950 2774 953 2779 ’

82 2858 279 2948 toria-ore.
297 2864 393 2946 Duo
409 2866 589 2975 praedicti
607 2865 759 2948 Fratres
776 2889 862 2945 can-

74 3004 121 3061 nt
139 3039 150 3060 .
168 2971 225 3077 ill.
254 2973 399 3062 Coetus
416 2977 458 3061 in
471 2977 634 3064 excelsis
662 2997 700 3065 te
728 2975 858 3062 laudat

74 3095 199 3181 olicus
217 3095 352 3180 omnis
381 3126 393 3178 ε
424 3095 474 3177 Et
504 3094 679 3182 mortalis
710 3093 859 3189 homo,

103 3229 257 3298 cuncta.
280 3211 582 3302 creata-simul.
692 3234 758 3405 Ch

127 3346 130 3351 ’
255 3353 268 3364 ‘·
642 3372 672 3411 -,
762 3351 802 3407 o<
