2070 3774
340 167 403 252 Ad
423 156 609 253 Missam.
791 193 872 282 291

107 283 145 366 C
171 281 284 371 Dicit
313 283 350 369 ei
369 279 576 370 Pilatuuass
595 277 715 391 ‘Quid
747 305 806 365 eat
834 284 940 370 veri-

114 423 173 486 tas
191 400 257 486 ‘tc
278 401 329 485 Et
357 407 450 485 cum
477 399 552 483 hoc
582 397 769 501 dixisset,
797 398 939 485 itetum

113 515 237 616 exivit
255 517 306 601 ad
321 515 504 626 Iudaeos,
532 513 573 596 ἃ
591 512 689 600 dixit
701 513 758 598 eia
773 516 826 601 :S
842 514 933 628 Ego

111 632 259 719 nullam
294 631 452 718 invenio
495 631 538 716 in
574 658 625 716 eo
651 655 837 715 cautam.
864 633 936 718 Eat

111 773 243 835 autem
279 745 522 834 consuetudo
558 741 670 831 vobis
695 803 709 845 ,
736 765 781 828 ut
810 766 936 833 unum

112 863 303 954 dimittam
331 858 443 949 vobis
460 862 502 946 in
524 860 670 946 Pascha
689 890 701 942 a
717 859 839 944 vultis
871 890 936 946 er-

111 1003 170 1176 {⁰
185 979 378 1066 dimittam
387 973 500 1063 vobis
514 978 667 1087 Regem
679 975 932 1083 ludaeorum?

136 1093 150 1117 ³
173 1090 458 1181 Clamaverunt
473 1117 573 1202 ergo
590 1117 746 1173 tursum
767 1092 933 1195 omnen,

109 1208 281 1296 dicentes
309 1238 322 1290 a
353 1209 381 1294 S
410 1208 507 1291 Non
530 1206 663 1305 hunc,
690 1207 761 1290 aed
789 1203 933 1291 Barab-

108 1322 228 1409 batn.
249 1321 287 1405 C
305 1325 400 1408 Erat
421 1343 550 1408 autem
581 1316 773 1406 Barabbaa
804 1320 931 1407 latro.

108 1439 223 1523 Tunc
242 1464 343 1553 ergo
360 1437 617 1554 apprehendit
632 1434 944 1548 PilatuaJeautn,-

101 1551 150 1669 h&
183 1552 425 1669 flagellavit.
454 1553 503 1638 Et
533 1551 674 1636 militet
716 1550 930 1665 plectentes

108 1695 294 1754 coronam
313 1669 361 1754 de
387 1669 535 1783 opinis,
565 1668 834 1778 imposuerunt
863 1696 929 1753 ca-

106 1785 177 1899 piti
205 1791 289 1895 ejus
306 1817 316 1867 2
332 1782 373 1863 δι
398 1807 508 1867 veste
535 1806 732 1894 putpurea
761 1782 931 1864 circum-

109 1899 302 1985 dederunt
320 1927 436 1982 eutnt
453 1898 504 1980 Et
519 1893 725 1983 veniebant
742 1895 791 1977 ad
817 1924 930 2000 eum,

108 2012 146 2096 δι
180 2011 384 2101 dicebanta
418 2014 541 2100 SAve
569 2012 651 2097 Rex
669 2010 927 2120 Judaeorum.

112 2134 151 2218 C
166 2131 215 2214 Et
245 2127 389 2217 dabant
414 2129 452 2216 ei
479 2128 640 2238 alapae.
670 2126 798 2210 Exivit
826 2154 928 2239 ergo

108 2244 248 2329 iterum
283 2244 427 2328 Pilatus
460 2239 599 2343 foras,
630 2239 670 2322 dt
710 2241 804 2326 dicit
842 2242 927 2326 eia:

108 2361 254 2450 SEcce
288 2359 443 2444 adduco
470 2354 580 2440 vobis
609 2386 699 2441 eum
735 2354 837 2441 forat
855 2384 866 2434 t
883 2376 929 2440 ut

101 2472 369 2590 ‚eognoscatin
399 2473 489 2588 quia
519 2469 667 2556 nullam
697 2472 854 2554 invenio
879 2470 926 2554 in

83 2615 156 2674 ‘eo
187 2619 366 2675 causam.
403 2589 441 2673 C
464 2585 635 2698 (Exivit
688 2612 789 2698 ergo
817 2589 926 2694 Jesua

106 2730 264 2820 portans
293 2732 474 2789 coronam
491 2701 688 2814 spineam,
716 2698 756 2781 dt
773 2728 925 2812 purpu-

106 2847 219 2903 reum
250 2815 591 2926 vestimentum.)
634 2818 684 2899 Et
715 2814 809 2900 dicit
841 2815 925 2900 eia:

114 2934 253 3025 §Ecce
270 2937 415 3020 homo.
447 2926 604 3017 ccum
620 2957 720 3042 ergo
738 2930 928 3029 vidissent

106 3070 199 3132 eum
233 3051 438 3134 Pontifices
465 3109 479 3150 ,
508 3044 548 3126 dt
582 3047 746 3130 ministri
779 3045 925 3130 clama-

93 3157 225 3270 bam,
252 3166 423 3254 dicentes
441 3193 452 3244 ε
467 3158 503 3255 'S
522 3159 730 3278 'Crucifige
755 3220 768 3264 ‚
796 3157 926 3245 cruci-

451 3352 454 3358 .
506 3278 604 3373 Nn·
716 3340 719 3345 -
784 3275 865 3391 fige
