2070 3774
522 70 536 123 χ
662 98 665 103 .

239 210 328 325 246
469 190 706 293 ferientum
791 287 794 291 ,

185 312 238 410 ΕΙ
272 328 398 413 factus
426 348 562 409 numu
543 318 644 409 neu
667 310 792 410 bomo
815 350 901 410 non
925 357 998 412 au-

183 445 322 531 diem:
310 442 362 498 ·*
387 440 428 524 u
447 470 529 527 non
544 438 723 527 habens
713 473 754 527 m
770 445 839 529 ore
855 470 930 531 ouo
945 474 1004 531 re·

182 561 477 673 dargutiones

185 664 419 780 Quoniam
410 707 458 760 ΙΙΙ
472 695 532 773 te,
546 673 743 774 Domine,
766 678 950 788 speravi:
939 670 1001 726 ·*

182 817 226 879 tu
245 791 426 880 exaudies
445 820 532 890 me,
544 788 718 876 Domine
735 793 846 876 Deus
863 801 1002 877 meuo.

185 896 298 1011 Quia
316 906 424 992 dixi·
441 904 490 990 mi
510 900 667 1016 quando
681 908 1004 1022 supergaudeant-

182 1024 317 1110 mihi
308 1024 454 1108 mimici
483 1023 590 1106 mei:
579 1021 633 1072 ·*
650 1021 691 1102 &
713 1026 810 1108 dum
827 1048 1006 1110 commo*

183 1165 329 1226 ventur
355 1141 475 1256 peden
503 1138 579 1227 mei
588 1166 735 1255 ,super
764 1162 828 1229 me
860 1168 1005 1258 magna

184 1256 308 1344 locuti
335 1280 446 1340 sunt.
831 1301 835 1307 .

187 1360 397 1475 Quoniam
435 1395 488 1483 eg
490 1400 516 1453 o
560 1373 601 1454 in
640 1367 795 1503 flagella
844 1397 1003 1484 paratus

186 1518 301 1577 sum.
291 1485 341 1540 ·*
371 1486 411 1569 ἀ
440 1486 556 1570 dolor
584 1515 696 1571 meus
722 1486 764 1569 in
792 1513 1005 1602 conspectu

185 1635 277 1705 meo
302 1631 479 1738 semper.

153 1735 156 1739 ’
188 1709 434 1833 Quoniam
424 1719 668 1830 iniquitatem
693 1743 820 1801 meam
849 1746 1003 1804 annun-

178 1827 318 1934 oiabo.
307 1832 356 1887 ·*
371 1832 411 1915 o<
429 1831 620 1966 cogitabo
632 1862 706 1946 pro
722 1858 884 1945 peccato
899 1864 1002 1922 meo

190 1948 350 2038 inimici
388 1974 519 2036 autem
546 1949 623 2035 mei
660 1947 881 2048 vivunt3&
915 1980 1002 2036 con·

183 2067 326 2155 firmati
354 2089 448 2150 nunt
464 2094 585 2180 nuper
614 2092 706 2148 me·
695 2063 745 2111 ·*
761 2063 802 2143 δι
820 2066 1007 2182 multipli

186 2186 262 2271 cati
282 2205 400 2282 nunt,
428 2185 495 2295 qui
523 2186 696 2269 oderunt
720 2210 783 2263 me
814 2183 978 2295 iniquo.

187 2289 277 2406 Qui
308 2294 533 2384 retribuunt
548 2296 650 2384 mala
676 2324 750 2411 pro
769 2293 908 2400 bonis,
937 2302 1006 2386 de-

183 2412 391 2502 trahebant
417 2414 583 2502 mihi.*
600 2414 785 2528 quonium
813 2413 1006 2535 sequebar

96 2617 100 2623 .
184 2531 424 2619 bonitatem.

188 2646 258 2734 Νέ
286 2648 534 2758 derelinquas
564 2677 662 2748 me,
668 2644 865 2736 Domine
893 2644 1007 2740 Deus

184 2792 322 2866 meus·
336 2762 424 2849 *ne
411 2763 696 2850 discesserini
712 2794 802 2850 me.

88 2982 93 2989 Ι
193 2880 390 2967 Intende
382 2912 422 2964 m
440 2881 680 2987 adlutonum
707 2911 865 2968 meum.
853 2880 1008 2965 ·*Do-

76 3036 89 3050 ··
187 2997 292 3085 mine
311 2995 715 3086 Demsalutismeae

191 3114 355 3249 Antipb.
363 3115 456 3197 Vim
470 3111 678 3221 faciebant,
692 3145 758 3229 qu1
746 3106 1009 3229 quaerebant

188 3229 358 3343 unimam
384 3260 539 3320 meam.
