2070 3774
287 172 613 262 AdMatutinum.
733 212 816 302 333

60 290 177 403 Quia
190 300 272 414 ipse
288 325 406 414 super
419 293 540 386 maria
554 286 730 384 fundavit
746 300 876 384 eumz*

57 410 98 493 ἃ
114 444 234 528 super
252 414 411 501 flumina
425 416 660 529 praeparavit
674 444 791 497 eum.

58 523 163 633 Quis
183 536 366 616 ascendet
391 533 431 614 in
453 559 626 616 montem
646 528 835 623 Domini:

11 734 14 743 ,
58 670 125 760 aut
142 649 230 757 quis
244 643 359 730 stabit
374 646 414 729 in
434 646 670 730 locosancto
690 641 806 754 ejus?

59 759 253 846 Innocens
276 759 479 859 manibus,
495 759 536 840 ὃ(
554 760 702 845 mundo
730 758 876 842 corde:

851 525 875 576 *

56 878 123 985 qui
166 905 246 959 non
288 875 437 986 accepit
476 876 517 957 in
559 905 662 960 vano
705 874 875 957 animam

56 1016 186 1072 suam:
201 988 225 1036 *
241 1019 312 1076 nec
332 992 475 1101 juravit
504 989 545 1071 in
571 990 664 1075 dolo
692 987 875 1104 proximo

56 1130 154 1186 suo.

60 1216 161 1303 Hic
181 1221 341 1333 accipiet
376 1215 687 1306 benedictionem
703 1223 723 1302 :i
738 1216 877 1300 Domi·

55 1361 136 1418 no:
157 1338 180 1380 '¹‘
205 1334 245 1414 ὃ(
266 1334 574 1420 misericordiam
602 1343 624 1422 ὲ
652 1331 744 1420 Deo
770 1331 876 1416 salu-

55 1450 129 1532 tari
152 1476 251 1532 su0.

58 1564 163 1648 Haec
180 1587 237 1647 est
252 1566 454 1678 generatio
470 1568 726 1678 quaerentium
742 1566 875 1650 eumz*-

57 1680 321 1789 tpuaerentium
339 1681 477 1766 faciem
493 1684 572 1766 Dei
589 1677 705 1790 Jacob
723 1742 734 1763 .
819 1711 828 1739 -.

57 1792 239 1879 Attollite
285 1821 418 1907 portas
460 1798 655 1910 principes
673 1853 675 1857 Α
690 1817 873 1897 vestras:

56 1907 98 1989 ὅ(
125 1910 329 1992 elevamini
348 1932 479 2023 portae
495 1911 716 1998 aeternales:
728 1907 752 1955 *
765 1907 805 1989 ὅ(
822 1910 876 1994 in·

56 2021 195 2112 troibit
223 2025 306 2106 Rex
328 2025 498 2138 gloriae.
856 2046 870 2057 ··

56 2132 169 2241 Quis
184 2161 243 2225 est
262 2140 331 2224 iste
350 2140 435 2224 Rex
453 2141 592 2252 gloriae
607 2137 629 2223 2
646 2136 874 2222 *Dominus

55 2250 201 2355 fortis,
228 2254 268 2336 ὅ(
305 2277 470 2371 potens,
498 2257 694 2340 Dominus
735 2274 874 2367 poten:

10 2418 14 2425 ·
56 2369 98 2450 in
125 2368 292 2480 praelio.
844 2418 847 2423 ·

56 2480 241 2568 Attollite
271 2508 402 2598 portas
432 2485 628 2601 principes
655 2480 875 2585 vestran&
1004 2525 1011 2537 ·

59 2597 263 2683 elevamini
291 2626 420 2714 portae
442 2603 670 2686 aeternales:
690 2597 715 2647 *
738 2599 779 2682 ὅ(
812 2601 874 2683 in-

57 2709 194 2797 troibit
219 2716 304 2800 Rex
333 2716 501 2832 gloriae.

55 2820 169 2931 Quis
186 2855 244 2914 est
262 2829 331 2915 iste
347 2835 437 2917 Rex
451 2829 624 2947 gloriae?
640 2828 873 2940 *Dominus

56 2939 271 3051 virtutum,
301 2948 383 3058 ipse
401 2970 458 3031 est
475 2949 561 3029 Rex
578 2943 743 3060 gloriae.
860 2976 863 3013 τ

57 3056 220 3166 Antiph.
243 3061 456 3145 Elevamini
484 3084 612 3173 portae
641 3058 873 3149 aeternales:

59 3164 395 3262 &introibitRex
418 3177 587 3294 gloriae.
746 3222 815 3371 Au·
