2070 3774
104 264 108 270 ,
266 269 268 273 ,
333 170 661 261 odoraminum
771 197 854 286 349
910 167 924 179 ”

104 283 203 370 facie
245 304 513 400 tempestatum
546 284 657 374 furnis
687 348 697 371 .
725 288 916 377 Mulieres

101 401 268 484 inSion
298 401 601 484 humiliaverunt
635 437 644 484 :
674 402 715 482 ὅ(
746 403 917 513 virgines

103 515 143 595 in
173 513 391 598 civitatibus
420 516 545 626 Juda.
574 517 770 630 Principes
799 535 919 599 manu

101 630 277 741 suspensi
303 653 416 719 sunt:
436 631 553 715 facies
570 656 707 713 senum
734 657 923 712 noneru-
990 636 992 640 ’

100 739 271 825 buerunt
306 803 316 824 .
361 743 680 836 Adolescentibus
723 743 919 856 impudice
1008 843 1014 852 ι

94 854 213 950 ⁸abusi
230 879 345 943 sunt:
365 857 404 937 ts
422 859 533 969 pueri
565 859 606 940 in
635 858 745 974 ligno
762 886 921 944 corrue-

104 995 222 1054 runt.
238 970 359 1056 Senes
378 973 608 1055 defecerunt
624 974 671 1057 de
699 974 846 1087 portis:
862 978 920 1083 ju·

104 1113 223 1169 venes
255 1086 303 1166 de
338 1087 459 1169 choro
489 1086 765 1198 psallentium.
795 1086 921 1170 Defe-

108 1202 160 1284 cit
177 1200 366 1311 gaudium
393 1199 521 1285 cordis
549 1204 693 1284 nostri-e
711 1226 846 1285 versus
864 1225 922 1288 est

107 1316 148 1397 in
167 1316 313 1398 luctum
331 1315 474 1399 chorus
490 1339 622 1400 noster
640 1312 839 1400 ‚s'Cecidit
857 1344 921 1399 co-
939 1388 942 1392 .

106 1457 202 1511 rona
229 1431 360 1542 capitis
390 1433 512 1515 nostri
532 1459 623 1514 :voe
654 1428 803 1529 nobis,
830 1430 922 1538 quia

107 1545 374 1656 peccavimus.
393 1547 601 1660 Propterea
631 1568 814 1630 moestum
844 1541 922 1626 fac-

109 1681 206 1738 tum<
236 1682 292 1742 est
323 1686 390 1743 cor
422 1683 634 1743 nostrum:
666 1660 757 1744 ideo
791 1680 923 1758 conte-

107 1769 254 1856 nebrati
286 1796 376 1865 sunt
421 1773 525 1860 oculi
556 1775 716 1856 nostri.
761 1776 924 1882 Propter

109 1894 280 1970 montem
294 1887 415 1990 Sion,
446 1890 538 1999 quie
569 1886 745 2002 disperiit
761 1886 926 1997 :vulpes

110 1998 404 2088 ambulaverunt
422 2003 462 2086 in
476 2033 524 2088 eo
541 2061 551 2083 .
581 2003 646 2086 Tu
666 2006 816 2100 autem3·
841 2000 924 2083 Do·

109 2116 241 2218 mine,
268 2118 310 2200 in
339 2139 526 2202 oeternum
556 2111 827 2230 permanebis:
856 2141 925 2198 so-

111 2231 207 2313 lium
236 2254 347 2334 tuum
374 2234 415 2315 in
436 2234 764 2455 {enerationem
789 2225 830 2307 ἃ
857 2252 926 2341 ge·

109 2346 389 2430 nerationem.
478 2374 572 2430 uere
612 2347 654 2430 in
691 2364 926 2458 perpetuum

110 2455 352 2544 oblivisceris
388 2463 511 2544 nostri
530 2457 553 2542 ‘l
573 2456 816 2567 derelinques
853 2483 927 2539 nos

111 2572 153 2656 in
184 2571 475 2686 longitudinem
505 2571 700 2660 dierum?
728 2568 927 2654 Converte

110 2687 412 2789 nos‚Domine‚
425 2691 475 2775 od
498 2713 558 2789 te,
573 2687 612 2770 ὅ(
626 2708 926 2774 convertemur:

113 2803 255 2885 innova
271 2801 351 2883 dies
368 2826 543 2903 nostros,
556 2805 690 2888 sicuti
704 2801 922 2916 principio.

112 2914 191 3027 Sed
212 2917 417 3028 projiciens
431 2912 605 3033 repulisti
623 2944 719 3004 nost
740 2916 857 2999 iratus
887 2939 929 2996 es

113 3052 248 3114 contra
275 3056 348 3118 nos
376 3032 656 3120 vehementer.
683 3028 934 3148 Jerusalem,

113 3141 351 3249 Jerusalem,
380 3145 607 3236 convertere
640 3145 689 3234 ad
707 3144 929 3240 Dominum

113 3254 247 3346 Deum
256 3279 396 3346 tuum.
665 3269 722 3364 R.
737 3265 874 3374 Agnus
