2070 3774
249 207 328 293 192
473 170 582 258 Faria
602 172 738 284 quinta

188 288 253 387 Ad
278 291 407 372 Altare
438 286 480 373 S
498 289 695 380 Vincentii
725 283 1005 378 contessoris.

190 401 354 516 Antiph.
378 400 488 501 Adsit
514 402 626 490 nobis
645 404 836 518 propitius
854 405 894 495 in
917 404 998 495 hu-

151 527 155 539 ’
190 529 252 634 jus
274 520 366 605 vitae
394 549 583 634 vespere,
610 525 659 605 ad
687 518 893 609 Christum
923 553 998 610 noa

190 637 450 736 Vincentius,
479 659 564 719 tuto
591 633 718 719 ferens
747 639 911 725 itincre.

191 744 247 851 V.
272 753 428 833 Amavit
456 781 546 833 eum
558 750 780 854 Dominus,
805 751 848 843 ,ἃ
877 781 996 840 orna-

190 862 249 950 vit
266 894 383 950 eum.
420 864 475 950 Bt·
503 864 676 950 Stolam.

309 976 507 1064 Oremus.
716 977 885 1063 Oratio.

309 1079 428 1195 Eun,
471 1093 538 1204 qui
568 1077 746 1202 gentium
775 1091 996 1177 multitudi-

316 1238 431 1309 nem,
442 1212 540 1294 mira
554 1205 657 1290 beati
671 1207 865 1290 Vincentii
887 1203 996 1291 Con-

189 1316 342 1411 fenoris
361 1348 415 1407 tur
405 1321 732 1458 praedicatione,
756 1323 805 1404 ad
833 1323 998 1432 agnitio·

176 1469 275 1526 'nem
291 1440 348 1520 tui
361 1441 528 1521 nominis
542 1437 672 1518 venire
687 1432 866 1521 tribuisti
857 1461 997 1548 ffptces

185 1577 500 1683 ta‚quaesumns‚
513 1573 557 1634 ut
570 1578 686 1658 quem
703 1555 995 1657 venturumJu

185 1671 314 1751 dicem
346 1668 535 1748 nuntiavit
561 1666 600 1745 in
634 1666 745 1746 terris
774 1725 787 1765 ,
815 1664 997 1776 praemia-

185 1803 309 1864 torem
353 1777 497 1863 hahere
540 1805 757 1863 mereamur
786 1780 826 1861 in
855 1777 992 1862 caelis.

187 1891 395 1978 Christum
424 1893 641 2002 Dominum
671 1912 876 1996 nostrum.

211 2010 277 2093 Ad
289 2011 419 2096 Ahare
438 2009 481 2097 S
494 1991 707 2120 Hyacinthi
724 2007 995 2099 Confeasoris

187 2122 348 2235 antiph.
375 2121 754 2227 Tuu'm‚Domine‚
783 2121 995 2209 facientia

95 2302 96 2307 a
192 2241 508 2339 maurilium,
534 2241 600 2347 qui
634 2238 762 2323 beati
773 2236 991 2350 Hyacinthi

171 2356 431 2467 deposcimus
462 2355 767 2466 patrocinium.-

185 2469 243 2566 V.
271 2464 354 2553 Ora
384 2498 457 2580 pro
473 2466 581 2551 nohis
613 2464 723 2552 beate
742 2465 991 2577 Hyacinthe.

183 2579 243 2670 R
269 2579 326 2663 Ut
352 2585 463 2695 digni
493 2579 707 2713 efficiamur
733 2581 993 2752 promissioni·

182 2689 256 2779 bus
272 2692 505 2778 Christi

301 2809 502 2898 Oremus.
713 2810 878 2897 Oratio

114 2943 116 2946 ’
183 2920 435 3120 Df
302 2926 412 3022 Eus,
440 2925 507 3034 qui
539 2918 694 3009 beatum
726 2916 995 3057 Hyacinthum

322 3037 435 3127 Conf
434 3068 599 3122 errorem
625 3061 741 3122 tuum
765 3039 805 3123 in
834 3039 996 3123 diversis

152 3147 158 3155 ⁸
183 3153 392 3242 nationum
415 3154 603 3272 populis,
627 3182 792 3270 operum
820 3152 997 3239 sanctita-

874 3292 938 3372 te,
