2070 3774
188 258 405 381 seeundbm
413 253 622 380 Marcum
707 292 760 383 53

84 413 128 470 ιε
157 372 200 460 C
223 384 275 469 Et
300 374 569 500 percutiebant
595 404 711 497 caput¹
735 386 820 493 ejus

84 503 232 588 udine:
263 498 305 581 n
332 497 596 615 conspuebant
623 525 749 582 eum:
781 492 822 576 dt

84 637 202 703 entes
227 638 363 730 genus
393 611 602 701 adorabant
629 640 721 698 eum
742 672 752 695 .
773 612 826 693 Et

84 754 220 845 tquam
249 731 457 845 iliuserunt
472 731 509 814 ei
526 750 746 830 ,exuerunt
776 726 827 809 il-

84 874 107 930 ι.
124 874 330 961 purpuras
357 843 398 927 ἃ
413 844 625 932 induerunt
640 871 732 933 eum
746 868 829 927 ves·

84 959 193 1045 tentis
220 962 296 1045 suis
313 992 325 1043 t
344 956 385 1040 δι
415 960 590 1048 educunt
617 957 759 1059 illum,
782 979 829 1040 ut

84 1073 295 1188 {cingerent
318 1103 439 1160 eum.
466 1076 516 1158 Et
532 1074 831 1187 angariaverunt

84 1212 320 1277 etereuntem
367 1190 590 1305 quempiam
629 1188 831 1275 Simonem

84 1332 268 1391 renaeum
295 1306 517 1390 venientem
547 1305 595 1390 de
627 1303 744 1405 villa,
760 1332 834 1419 pa-

84 1448 119 1503 u
134 1418 377 1520 Alexandri,
402 1419 443 1501 dt
471 1420 562 1503 Rufi
576 1479 589 1518 ‚
603 1441 647 1501 ut
678 1419 838 1503 tolleret·
949 1424 952 1429 '

84 1562 183 1621 icem
199 1539 285 1646 ejus
302 1594 313 1616 .
333 1536 384 1620 Et
410 1533 634 1650 perducunt
659 1531 772 1615 illum
794 1533 837 1617 in

84 1649 381 1763 {gothelocum
401 1649 537 1763 :quod
562 1670 620 1733 est
644 1650 843 1762 interpre-'

84 1792 147 1849 rm
166 1759 366 1850 Calvariae
396 1765 533 1850 lorus.
565 1766 616 1846 Et
635 1761 778 1849 dabant
800 1764 836 1850 ei

84 1907 157 1967 ere
203 1881 450 1992 myrrhatum
491 1879 657 1963 vinum:
687 1878 729 1960 ἃ
757 1896 841 1964 non'

84 1995 197 2108 epit.
213 1995 265 2078 Et
289 1996 565 2109 crucifigentes
591 2023 716 2096 enm,
744 1992 844 2077 divi-¹·

84 2133 160 2195 unt
176 2112 406 2196 vestimenta
420 2117 505 2218 ejus
516 2170 530 2215 ,
541 2112 740 2197 mittentes
755 2134 847 2194 sor-¹·

84 2253 252 2339 suuper
285 2227 372 2332 eis,
406 2225 495 2337 quis
529 2227 626 2336 quid
656 2225 810 2312 tolleret
827 2287 849 2310 ..

84 2362 123 2425 at·
137 2362 274 2425 eutem
287 2340 389 2426 hora
409 2342 549 2426 tertia:
580 2339 621 2423 dt
635 2332 843 2427 crucifixe·

84 2478 121 2541 nt
147 2484 270 2541 eum.
292 2458 344 2540 Et
355 2481 438 2543 erat
454 2455 591 2541 titulus
608 2485 738 2542 causae
757 2463 845 2569 ejus

84 2571 264 2685 triptust
298 2572 383 2657 Rex
396 2571 648 2680 ludaeorum.
677 2574 844 2657 Etcum

111 2686 357 2800 crucifigunt
382 2686 481 2771 duos
509 2687 703 2791 latrones,
720 2710 845 2778 unum

84 2801 258 2889 dexteris
272 2862 285 2903 ‚
299 2800 472 2887 &alium
502 2807 525 2886 d
553 2804 717 2889 sinistris
731 2809 846 2909 eiust

109 2918 274 3030 impleta
294 2941 352 3003 est
366 2915 591 3032 Scriptura,
607 2946 695 3033 quse.
725 2922 848 3013 dicit:

98 3060 195 3119 cum
212 3033 354 3142 iniquis
370 3056 568 3148 reputatus
584 3061 641 3122 est
659 3095 669 3118 .
684 3039 734 3119 Et
748 3065 850 3150 prte-

84 3172 235 3235 euntes
269 3143 589 3262 blasphemabant
617 3181 732 3255 eum,
760 3181 848 3235 mo-

84 3288 171 3355 ntes
188 3263 317 3381 capita
330 3264 470 3466 suae&
488 3265 660 3363 dicentes
673 3301 685 3353 t
695 3271 725 3363 S
744 3266 849 3400 Vah,

153 3412 156 3417 ’
460 3411 486 3497 3
725 3407 791 3493 <1¹1¹
