2070 3774
161 206 222 302 40'
358 182 663 276 Feriasecunda

104 303 155 386 de
171 301 307 418 egenis
316 294 543 500 gertinebat
560 301 610 386 sd
628 327 721 383 eum
732 297 820 382 :sed
832 295 926 407 quia

106 415 298 520 furerat,
376 417 525 504 loculos
542 415 687 503 habens
705 477 717 515 ,
741 444 816 516 ea,
833 438 924 525 quae

21 616 23 625 ,
104 532 390 634 mittebantur,
427 529 643 646 portabat‚
676 528 791 615 Dixit
818 553 923 645 ,ergo

108 653 219 762 jesus
238 649 389 737 :Sinite
419 648 524 734 illam
540 708 553 750 ‚
569 675 615 734 ut
649 649 691 732 in
721 645 827 730 diem
861 673 926 730 ae-

110 766 288 882 pulturae
304 793 407 849 meae
435 789 564 851 server
581 764 680 849 illud
699 823 710 847 .
729 765 925 877 Pauperes

110 882 218 967 enim
246 907 404 995 semper
418 877 567 964 habetis
594 877 829 968 vobiscum:
858 905 923 965 me

108 1018 244 1083 autem
269 1024 351 1082 non
375 1021 531 1110 semper
559 993 711 1082 habetis
726 1055 737 1077 .
754 991 928 1109 Cogno-

108 1111 285 1227 vitergo
302 1106 416 1198 turba
430 1110 554 1199 multa
579 1141 629 1197 ex
646 1111 791 1224 Judaeis
805 1173 819 1213 ‚
835 1111 927 1222 quia

109 1224 191 1312 illic
223 1249 283 1311 est
313 1259 323 1309 ε
355 1226 397 1309 ἃ
427 1254 622 1314 venerunt
651 1259 732 1314 non
763 1248 927 1342 propter

111 1344 245 1454 Jesum
262 1351 413 1430 tanturn
428 1405 442 1445 ‚
459 1345 530 1430 sed
546 1367 591 1430 ut
607 1347 798 1432 Lazarum
811 1341 928 1430 vide-

48 1552 51 1557 ,
109 1482 201 1546 rent
215 1519 228 1562 ‚
244 1487 362 1571 quem
377 1459 577 1545 suscitavit
591 1465 612 1546 ai
628 1461 820 1545 mortuis.

105 1575 399 1668 Offertorium.
430 1576 564 1689 Eripe
593 1607 656 1662 me
683 1577 731 1661 de
758 1576 926 1661 inimicis

109 1685 518 1792 meis,Domine;·ad
535 1714 571 1776 te
601 1691 794 1808 confugi:
827 1695 925 1779 doce

101 1831 174 1886 -rne
203 1805 330 1890 facere
367 1803 609 1893 voluntatem
643 1834 791 1914 tuam5
834 1811 928 1923 quia

110 1915 237 2029 Deus'
256 1947 368 2006 meus
384 2007 386 2011 ,
401 1950 443 2008 es
470 1946 515 2022 ru
537 1981 549 2007 .

295 2108 297 2112 Α
422 2055 606 2135 Secreta.
652 2111 679 2148 „

217 2159 296 2242 AEc
322 2157 514 2245 sacrificia
542 2185 640 2257 nos,
673 2158 927 2277 omnipotens

140 2341 148 2358 ,
237 2273 375 2379 Deus,
399 2276 551 2389 potenti
585 2277 929 2365 virtutemunda-
942 2334 955 2342 ·-

110 2413 202 2490 tos,
231 2387 282 2475 ad
313 2415 428 2474 suurn
458 2388 601 2476 faciant
638 2391 820 2502 puriores
856 2421 930 2478 ve-

112 2505 199 2590 nire
226 2503 497 2623 principium.
525 2509 600 2590 Per
624 2504 887 2605 Dominum..

104 2619 320 2709 Praefatio.
342 2622 432 2738 Qui
457 2621 635 2716 salutern.
782 2708 785 2713 ,

101 2730 391 2843 Communio.
432 2735 712 2837 Erubeseant,
741 2735 782 2821 ὅ(
817 2764 933 2822 reve-

109 2852 410 2966 reantursimul
426 2915 440 2956 ‚
456 2854 524 2968 qui
540 2853 790 2968 gratulantur
816 2852 930 2940 maiis

100 2969 233 3054 frneis:
249 2967 468 3061 induantur.
479 2969 634 3085 pudore
651 3033 664 3073 ‚
684 2966 724 3052 u
741 2997 931 3056 reveren-

108 3082 194 3184 tia,
235 3086 302 3196 qui
338 3084 514 3202 maligna
545 3086 773 3201 loquuntur·
791 3086 931 3195 adser-

43 3264 47 3277 .
108 3205 318 3305 airm'rne.

753 3324 868 3412 Post-
