2070 3774
178 152 265 275 276
403 151 515 245 Fetia
537 178 644 245 senta

111 266 224 382 Quia
258 272 548 390 beneplacitum
584 299 644 362 est
675 269 852 358 Domino
885 273 929 357 in

112 390 266 506 populo
288 419 390 475 suo:
411 391 489 474 *δι
504 389 685 479 exaltabit
707 411 930 474 mansuetos

112 505 384 600 insalutem.

113 615 358 720 Exultabunt
388 617 519 708 Sancti
558 625 600 708 in
626 615 930 733 gloriatfflaeta·

113 732 265 823 buntur
294 737 333 820 in
355 732 549 821 cubilibus
580 738 691 820 suis.

30 861 36 876 ‘
114 850 378 934 Exaltationes
391 850 470 936 Dei
487 852 527 934 in
545 874 706 966 gutture
725 853 866 931 eorum'
879 840 928 929 ε*

111 953 290 1077 &gladii
309 965 495 1078 ancipites
513 969 555 1052 in
568 963 747 1052 manibus
763 989 931 1047 eorum.

34 1127 37 1132 ·
112 1081 184 1165 Ad
211 1077 430 1166 faciendam
458 1083 671 1168 vindictam
701 1080 742 1161 in
761 1077 935 1161 nationi·

111 1193 185 1279 bus
202 1229 212 1276 ε
230 1199 255 1241 '¹‘
282 1199 567 1308 increpationes
585 1199 626 1281 in
641 1191 824 1308 [aepulis.

110 1309 183 1395 Ad
207 1307 424 1423 alligandos
438 1316 568 1423 Reges
586 1337 725 1396 eorum
752 1308 794 1390 in
825 1335 934 1394 cont·

113 1421 280 1541 pedibus
295 1456 306 1506 ε
322 1420 346 1472 *
363 1423 403 1506 ἃ
430 1423 580 1515 nobiles
611 1451 750 1512 eorum
774 1423 816 1506 in
845 1451 935 1509 ma-

111 1541 212 1629 nicis
243 1537 403 1626 ferreis.

111 1652 174 1738 Ut
205 1652 347 1740 iaciant
370 1655 411 1740 in
435 1656 492 1741 eis
520 1653 710 1766 judicium
736 1644 931 1768 conserit>

113 1772 263 1854 cums*
278 1770 406 1884 gloria
429 1769 515 1855 haec
541 1793 600 1857 est
625 1763 812 1855 omnibus
829 1767 933 1857 San-

117 1886 189 1970 ctis
214 1889 321 1990 ejus.
494 1884 668 1969 Psaimus
690 1910 786 1993 ¹50·

215 1999 370 2084 Audate
417 1993 637 2085 Dominum
695 1998 739 2085 in
779 1997 934 2085 Sanctis

95 2189 98 2196 .
230 2117 345 2224 ejus:
375 2113 582 2199 *laudate
613 2144 704 2202 eum
734 2117 776 2201 in
803 2113 933 2200 firma·

114 2246 250 2318 mento
271 2229 426 2331 virtutis
452 2233 563 2338 ejus.

111 2342 296 2429 laudate
331 2372 422 2429 eum
437 2345 489 2445 ¹in
514 2339 726 2430 virtutibus
756 2349 876 2454 eiust
907 2340 934 2390 ³¹

115 2459 270 2546 laudate
295 2489 386 2543 eum
401 2464 617 2548 secundum
639 2457 933 2544 multitudinem

111 2575 392 2690 magnitudinis
416 2581 526 2686 ejus.

110 2684 150 2772 L
157 2689 296 2775 audate
317 2719 408 2773 eum
424 2691 577 2776 insono
595 2687 720 2774 tubae:
735 2694 759 2737 '¹‘
774 2687 932 2777 laudate

100 2832 205 2890 ,eum
223 2807 263 2886 in
279 2804 483 2916 psalterio,
512 2804 553 2887 u
567 2806 755 2917 cythara.

108 2914 290 3005 Laudare
323 2950 413 3006 eum
446 2921 487 3006 in
518 2942 730 3034 tympano,
759 2917 800 3000 ἃ
829 2919 932 3004 cho-

105 3060 185 3123 ro:
217 3031 428 3131 *iaudate
462 3062 554 3122 eum
592 3039 635 3124 in
668 3034 858 3140 chordis,
888 3032 933 3124 &

109 3173 287 3265 arguto..

168 3330 173 3339 .
755 3267 869 3352 Lau-
