2070 3774
103 186 106 193 -
163 130 246 248 348
360 124 530 221 sabbato
544 122 686 223 Sancto

107 247 335 353 orificium
364 273 443 356 quo
474 273 554 332 non
580 275 628 331 ex
655 245 919 332 dominatione

105 362 319 449 Pharaonis
334 388 435 445 unus
449 360 760 474 populussedex
774 360 919 449 diaboli

107 477 327 594 captivitate
346 498 451 562 totus
468 475 637 562 mundus
654 478 834 562 eruitur.

132 599 225 678 Post
242 595 293 678 ix.
323 595 668 692 Lectionem‚sine
699 595 830 707 aliquo
860 596 920 678 in-

35 784 43 800 „
101 709 266 799 tervalto
297 709 440 793 dicitur
472 704 612 792 Oratio
629 712 811 816 jeremiae
824 715 921 796 Pro·

13 865 20 878 ·
102 826 264 941 phetae,
295 852 384 906 cum
414 824 551 915 titulo,
581 825 657 910 hoe
688 829 838 912 modo.

119 1029 123 1039 ,
221 933 363 1022 Oratio
377 935 556 1047 Jererniae
572 934 805 1052 Prophetae.

213 1054 406 1145 Eeordare
439 1053 656 1157 Domine,
697 1053 793 1162 quid
823 1054 925 1139 acci-

232 1167 332 1251 derit
349 1163 485 1264 nobis:
512 1167 687 1266 intuere,
715 1166 755 1245 dt
773 1170 924 1280 respice

111 1277 367 1395 opprobrium
392 1281 808 1365 nostrumHaereditas
840 1311 926 1365 nos·

107 1413 166 1478 tra
193 1419 305 1479 versa
328 1419 385 1479 est
412 1395 461 1477 ad
478 1396 622 1478 alienos
639 1433 648 1476 :
666 1399 807 1500 domus
833 1425 927 1480 nos-

108 1527 183 1590 trae
215 1509 266 1594 ad
283 1535 510 1594 extraneos.
531 1509 671 1620 Pupilli
686 1507 777 1592 facti
791 1539 928 1595 sumus

108 1621 254 1735 absque
285 1647 394 1738 patre
424 1651 435 1700 t
465 1645 604 1708 matres
636 1647 782 1708 nostrae
815 1626 926 1734 quasi

111 1738 273 1824 viduae.
302 1743 453 1848 Aquam
475 1760 644 1821 nostram
671 1739 837 1850 pecunia
863 1735 928 1822 bi·

51 1862 54 1867 ’
110 1847 239 1935 bimus
271 1883 281 1930 ι
314 1854 422 1967 ligna
448 1874 581 1937 nostra
607 1855 734 1964 pretio
765 1882 928 1967 compa·

40 2046 42 2050 .
110 1969 283 2052 ravimus
314 2026 325 2048 .
356 1963 589 2049 Cervicibus
631 1967 772 2050 nostris
805 1971 928 2068 mina·

111 2077 251 2164 bamur
276 2082 416 2168 :lassis
442 2110 524 2164 non
549 2075 712 2164 dabatur
738 2084 927 2191 requies.

115 2194 299 2308 AEgypto
330 2196 506 2285 dedimus
535 2223 722 2295 manum,
754 2195 793 2276 dt
814 2203 931 2308 Assy·

110 2310 215 2392 riis:
245 2331 290 2393 ut
318 2331 579 2395 saturaremur
611 2337 749 2420 pane.
798 2313 930 2396 Patres

113 2422 235 2506 nostri
261 2446 544 2536 peecaverunt,
570 2421 612 2503 δι
637 2452 719 2508 non
751 2448 842 2508 sunt
861 2455 873 2505 ι
890 2424 930 2505 dr

111 2563 186 2620 nos
227 2538 446 2649 iniquitates
479 2565 637 2624 eorum
655 2540 898 2648 portavimus
920 2599 930 2623 .

111 2648 225 2736 Servi
237 2654 429 2737 dominati
454 2674 545 2734 sunt
571 2653 691 2734 nostri
707 2681 717 2730 ε
732 2681 813 2736 non
828 2653 930 2755 fuit,

116 2765 183 2873 qui
212 2766 420 2868 redimeret
456 2766 503 2851 de
535 2795 652 2850 manu
688 2795 853 2851 eorum.
887 2773 931 2869 ln

114 2877 314 2964 animabus
344 2882 482 2967 nostris
505 2874 757 2966 afferebamus
785 2909 929 2997 panem

110 2987 224 3075 nobis
243 3024 253 3072 :
272 3001 292 3080 a
310 2995 406 3082 facie
424 2994 546 3109 gladii
564 2994 605 3077 in
619 2995 771 3081 deserto
794 3054 806 3077 .
837 2997 930 3080 Pei-

108 3106 158 3193 tis
174 3134 305 3201 nostra
318 3113 427 3226 quasi
454 3106 630 3198 clibanus
645 3132 780 3200 exusta
797 3129 858 3193 est
871 3140 886 3213 3
900 3117 925 3198 ri

709 3294 725 3313 ..
817 3221 875 3318 ia·
