2070 3774
210 162 295 282 328
405 158 574 253 Sabbata
592 160 735 247 Sancto

149 304 196 367 tu
222 286 310 392 ejus
339 280 535 395 malignus
554 308 566 358 ε
588 275 612 322 *
638 277 817 361 timentes
844 298 980 363 autem

150 394 372 481 Dominum
399 393 627 511 glorificat.
900 504 904 511 Ι

147 510 235 620 Qui
263 516 369 621 jurat
400 509 582 623 proximo
609 534 702 607 suo,
730 507 771 588 &
796 532 880 590 non
907 502 983 589 de·

153 626 250 740 cipit
266 655 282 726 3
296 626 364 735 qui
380 625 584 739 peonnam
614 651 724 709 suam
756 650 838 706 non
867 620 981 705 dedit

152 745 205 827 ad
228 767 385 827 usuram
404 773 414 820 :
432 735 456 784 '¹‘
478 738 519 819 &
536 766 701 824 munera
720 761 839 849 super
867 735 981 823 inno-

154 878 308 940 centem
336 883 417 936 non
447 853 625 964 accepit.

63 1030 67 1039 -
150 965 243 1074 Qui
270 964 364 1053 facit
390 967 480 1052 haec
500 996 512 1047 e
533 965 557 1014 *
575 994 658 1051 non
685 960 910 1051 movebitur
942 964 982 1049 in

155 1104 378 1169 aeternam.

151 1199 314 1307 Antiph.
347 1194 546 1282 Habitabit
561 1197 602 1280 in
622 1192 871 1280 tabernaculo
885 1215 983 1283 tuo:

152 1314 372 1424 'requiescet
392 1313 434 1395 in
449 1334 733 1397 montesancto
751 1336 845 1398 tuo.

154 1428 315 1537 Antiph.
336 1423 446 1510 Caro
462 1455 573 1512 mea.
713 1431 887 1513 Paaimus
911 1458 977 1540 15.

274 1536 458 1626 Onserva
477 1571 568 1641 me,
584 1537 778 1647 Domine,
794 1540 984 1649 quoniam

283 1657 439 1767 speravi
470 1658 511 1738 in
541 1678 610 1739 te:
633 1652 657 1701 '¹‘
683 1657 762 1739 dixi
779 1653 983 1741 Domino:

157 1764 270 1851 Deus
294 1797 403 1889 meas
428 1797 469 1854 es
493 1793 562 1870 tu,
579 1770 764 1880 quoniam
779 1767 981 1856 bonorum

149 1910 337 1967 meorum
365 1914 446 1967 non
474 1910 606 1996 eges.

147 2004 181 2089 S
195 2001 333 2100 anctia,
348 1999 413 2107 qui
435 2023 524 2082 sunt
542 1999 584 2081 in
600 2020 703 2082 terra
718 2003 826 2108 ejus:
842 1999 866 2047 *
880 1999 983 2083 miri·

158 2111 291 2196 ficavit
317 2140 453 2197 omnes
467 2114 687 2199 voluntates
719 2141 827 2198 meas
846 2117 890 2199 in
906 2115 984 2201 eis.

155 2230 204 2315 Μ
218 2226 445 2338 ultiplicatae
498 2251 588 2311 sunt
628 2228 874 2316 infirmitates
915 2256 984 2316 eo

159 2365 250 2424 rum
269 2373 281 2422 ε
299 2338 323 2386 *
353 2362 491 2455 postea
524 2341 836 2429 acceleraverunt
855 2402 868 2426 .

153 2463 194 2541 N
204 2484 259 2539 on
275 2454 530 2572 congregabo
547 2459 820 2543 conventicula
844 2486 984 2544 eorum

162 2570 212 2652 de
241 2573 521 2687 sanguinibus:
539 2574 564 2620 *
576 2602 649 2659 nec
666 2602 903 2660 memorem
918 2602 985 2660 no

161 2687 313 2770 minum
339 2717 480 2772 eorum
493 2716 566 2802 per
584 2687 683 2774 labia
698 2719 809 2773 mea.

157 2802 369 2885 Dominus
397 2832 486 2915 pars
517 2803 756 2889 haereditatis
787 2832 918 2903 meae,
947 2804 986 2885 a

151 2915 292 3001 >calicis
312 2918 389 3001 mei
408 2951 418 2999 :
436 2915 517 3003 *tu
534 2920 602 3019 es,
620 2923 687 3029 qui
703 2920 884 3004 restitues
898 2920 985 3003 hae-

164 3030 368 3116 reditatem
402 3063 527 3121 meam
555 3035 682 3118 mihi.

158 3155 189 3236 F
198 3175 296 3238 unes
311 3148 539 3243 ceciderunt
551 3150 650 3240 mihi
668 3151 709 3241 in
721 3149 927 3270 praeclaris
935 3141 985 3263 ³1²⁸}

198 3310 200 3315 ’
715 3330 720 3341 ·
840 3289 928 3366 ete-3
