2070 3774
160 207 245 298 340
361 110 702 269 sabbatossancto'

101 294 230 386 videte
258 300 434 388 dolorem
463 332 617 388 meum.
679 297 726 392 Si
755 325 844 387 est.

400 415 537 499 Lectio
563 418 617 501 vi.

198 527 399 621 Osuerunt
414 537 591 620 custodes
617 536 757 621 milites
785 531 837 614 ad
866 557 923 616 se·

214 650 395 763 pulcrum
424 711 435 730 .
464 646 664 736 Concussa
695 674 797 735 terta
828 647 921 732 Do·

103 760 252 848 minus·
278 766 483 853 resurrexit
516 795 531 867 3
583 765 768 850 miracula
815 760 921 847 facts

77 915 80 918 ·
102 896 194 960 sunt
221 878 311 963 talis
338 881 439 966 eirca
463 880 708 993 sepulcrum:
725 899 770 960 ut
787 873 829 957 dr
847 878 929 990 ipsi·

101 987 272 1094 milites,
287 995 353 1104 qui
372 996 549 1080 custodes
574 998 921 1091 advenerant‚tes·

102 1124 162 1189 tes
192 1107 355 1212 fierent,
369 1111 402 1195 si
419 1110 564 1196 vellent
589 1137 684 1195 vera
701 1107 890 1191 nunciare
907 1164 919 1188 .

103 1219 184 1307 Sed
202 1225 361 1308 avaritia
385 1224 474 1324 illa,
501 1253 591 1334 quae
614 1223 823 1339 captivavit
841 1222 922 1304 dis·

104 1337 278 1449 cipu-lum
307 1340 486 1424 comitem
517 1335 669 1423 Christi
704 1336 923 1448 :captiva-

42 1465 45 1471 ’
105 1456 164 1538 vit
192 1453 233 1534 dt
274 1452 437 1539 militem
476 1455 680 1539 custodem
723 1451 923 1564 sepulcri.

104 1565 278 1670 Damus,
307 1567 514 1680 inquiunt,
542 1564 654 1652 vobis
682 1567 924 1680 pecuniam:

105 1684 147 1764 ὅ(
179 1684 296 1768 dicite
325 1741 340 1784 ‚
367 1682 458 1792 quia
489 1677 613 1773 vobis,
634 1678 925 1766 dormientibus

105 1820 296 1885 venerunt
325 1796 501 1908 discipuli
538 1803 657 1907 ejus,
685 1794 726 1876 δι
755 1791 928 1880 abstule2

103 1937 200 2000 runt
221 1943 312 2000 eum
329 1971 341 1994 .
357 1909 462 1995 Vere
491 1909 720 1997 defecerunt
743 1931 923 1994 scrutan-

104 2049 163 2112 tes
188 2026 468 2111 scrutationes.
498 2020 608 2132 Quid
635 2045 694 2109 est
725 2026 836 2135 quod
869 2024 924 2109 di·

104 2142 221 2242 xisti,
248 2139 274 2218 ὸ
308 2138 441 2224 infelix
473 2142 613 2223 astutia
641 2137 664 2221 2
695 2138 922 2227 Tantumne

105 2256 249 2342 deseris
277 2255 403 2340 lucem
426 2253 576 2340 consilii
595 2254 782 2366 pietatis,
808 2252 850 2334 dr
880 2254 932 2340 in.

106 2366 299 2484 profunda
338 2368 521 2453 versutiis
540 2443 544 2450 ,
562 2366 805 2480 demergeris
833 2427 849 2469 ‚
878 2389 923 2453 ut

98 2478 315 2583 'hoctdieus
333 2481 492 2568 :Dicite
519 2543 533 2585 ,
558 2484 650 2594 quia
678 2479 790 2565 vobis
825 2483 920 2568 dor-

107 2593 317 2684 mientibus
343 2622 536 2684 venerunt
558 2595 735 2708 discipuli
753 2600 863 2706 ejus,
881 2598 920 2680 ἃ

107 2710 350 2821 abstulerunt
378 2709 503 2796 eum‘i
519 2709 771 2797 Dormienres
803 2730 918 2800 testes

109 2823 268 2912 adhibes
280 2820 422 2911 ‘lvere
439 2825 577 2939 tuipse
594 2822 918 2938 abdotmistisqui
950 2840 958 2857 “·

91 2937 320 3047 γ’θειίιῐῑιῐιάο
346 2940 438 3026 talia
464 2939 668 3025 defecisti.

102 3047 160 3145 R·
194 3052 474 3167 Caligflaverunr
512 3056 618 3139 oculi
649 3051 726 3138 mei
754 3057 785 3138 s
825 3049 917 3140 fletu

108 3196 224 3279 meo,
250 3169 341 3286 quia
361 3169 574 3289 ¹elongatus
601 3191 658 3256 est
685 3174 707 3256 ὲ
734 3196 824 3268 nse,
853 3165 916 3281 qui

163 3334 167 3339 ·
208 3324 210 3329 ¹
488 3329 491 3335 2
768 3309 868 3369 son-
