2070 3774
161 163 253 280 32⁶.
358 153 525 243 Sabbata
545 155 686 248 Sancto

39 366 44 375 Ι
129 268 220 353 Post
249 272 408 389 Antiph.
440 279 515 362 dic.
544 280 668 365 Pater
696 296 857 374 noster,
878 268 922 355 a<

100 382 240 470 Psalm.
257 388 483 479 Miserere.
506 392 546 472 ὅ(
565 389 705 479 Oratio
721 387 925 504 Respice,

106 508 403 619 &c.Posteaque
417 511 530 595 Patet
542 531 686 610 noster,
706 503 746 586 dc
759 503 922 591 Credo.

177 687 516 799 SABBATO
554 684 851 793 SANCTO

196 898 313 1025 'an
342 892 808 982 uarurmuu.

103 1068 186 1155 fiat
215 1070 315 1155 sicut
342 1074 386 1157 in
407 1097 514 1159 sexta
531 1074 640 1160 Feria
665 1078 812 1163 dictum
839 1106 924 1167 est:

74 1252 95 1301 s.
221 1185 262 1266 li
291 1191 541 1303 postmodum
572 1192 801 1299 incipiatur.

164 1309 253 1391 lN
317 1308 346 1390 l.
403 1304 871 1392 NOCTURNO:

106 1418 268 1525 Antiph.
303 1428 346 1505 ln
363 1454 483 1536 pace.
676 1426 853 1508 Psalmus
882 1453 925 1529 a.

281 1535 360 1620 Um
377 1543 628 1637 invocarem,
647 1536 847 1624 exaudivit
866 1568 929 1624 me

115 1551 262 1857 C
297 1655 407 1739 Deus
437 1652 596 1765 justitiae
612 1681 713 1739 meae
732 1649 785 1736 ε*
800 1655 843 1740 in
861 1659 931 1742 tri·

296 1766 493 1855 bulatione
523 1767 687 1853 dilatasti
717 1770 843 1854 mihi.

104 1877 308 1972 Miserere
340 1887 446 1968 mei:
476 1882 500 1930 *
534 1881 575 1963 dc
610 1887 750 1972 exaudi
781 1890 929 1974 oratio-

109 2030 202 2086 nem
237 2029 391 2085 meam.
757 1998 760 2003 ’

104 2112 202 2200 Filii
226 2115 433 2199 hominum
464 2141 668 2225 usquequo
696 2117 807 2227 gravi
840 2147 928 2204 eor·

110 2229 159 2341 de
176 2261 187 2310 :
204 2229 227 2278 *
245 2256 290 2317 ut
307 2228 403 2342 quid
435 2229 598 2343 diligitis
624 2231 865 2336 vanitatem,
892 2231 930 2316 dt

110 2345 285 2458 quaeritis
315 2342 595 2430 mendacium?

104 2460 165 2545 Et
190 2464 356 2562 scitote,
382 2461 568 2574 quoniam
596 2459 816 2546 mirificavit
842 2461 930 2547 Do

109 2579 241 2663 minus
271 2600 446 2662 sanctum
486 2604 601 2661 suum
633 2604 645 2655 ε
676 2572 700 2622 *
731 2574 930 2666 Dominus

109 2695 291 2779 exaudiet
307 2721 392 2791 me,
406 2700 496 2776 cum
512 2689 728 2777 clamavero
747 2692 796 2775 ad
811 2722 928 2778 eum.

108 2805 332 2894 irascimini
351 2869 365 2908 ‚
381 2806 421 2888 ὅ(
436 2807 556 2892 nolite
575 2834 765 2920 peccare:
790 2805 815 2854 *
841 2837 932 2918 quae

112 2922 240 3031 dicitis
272 2927 312 3006 in
336 2919 519 3008 cordibus
549 2923 710 3021 vestris,
726 2923 768 3007 in
795 2920 930 3009 cubili·

110 3036 183 3124 bus
217 3038 355 3123 vestris
386 3037 694 3150 compungimini
712 3087 732 3124 ι
904 3048 907 3055 ’

104 3151 343 3244 sacrificate
382 3153 611 3244 sacrificium
651 3153 810 3265 justitiae
844 3151 929 3238 z&

786 3295 872 3386 spe·
