2070 3774
219 188 305 282 202
347 186 369 239 ·'
444 166 553 263 Feria
565 170 700 282 quinta

164 294 215 376 ad
258 286 432 375 medium
468 286 645 403 Capituli
693 295 982 403 pervenerint,

161 429 268 491 stans
295 404 407 486 Prior
432 400 534 490 inter
564 400 825 514 Coadjutnres
867 435 982 491 versa

139 521 278 603 ³vultu
320 521 369 602 ad
409 512 681 619 Crucifixum,
710 520 814 605 dicat
843 520 981 604 humili

161 664 258 722 voce
288 632 386 714 hanc
417 631 679 718 Orationem.

148 763 149 767 ‘
252 742 419 834 Ctiones
440 763 609 846 nostras,
625 766 878 854 quaesumus,
896 745 980 834 Do·

279 863 420 968 mine,
447 860 656 979 aspirando
683 863 871 973 praeveni
898 926 911 965 ,
938 862 981 945 &

141 1019 143 1024 ·
164 976 386 1089 adiuvando
411 1000 668 1097 prosequere:
685 994 882 1064 utcuncta
895 1007 986 1064 nos·

163 1117 224 1180 tra
251 1097 400 1199 oratio,
426 1095 468 1178 ὅ(
511 1089 689 1209 operatio
716 1098 737 1178 i
762 1113 801 1176 te
829 1118 986 1207 semper

170 1207 368 1324 incipiat,
395 1210 436 1294 &
468 1240 539 1326 per
566 1230 604 1292 te
632 1231 764 1322 coepta
791 1203 986 1298 finiatur.

146 1327 245 1409 :Per
263 1323 470 1415 Christum
486 1327 562 1410 &a
799 1324 801 1328 ⁴
952 1370 953 1373 κ

167 1441 293 1551 Qua
319 1444 508 1530 Oratione
540 1443 743 1538 terminata
773 1503 788 1544 ,
831 1440 988 1525 Cantor

145 1559 334 1657 :incipiat
363 1562 526 1672 Antiph.
558 1581 815 1671 sequentem:
841 1547 988 1637 Domi·

170 1698 244 1755 nus
260 1673 392 1780 Jesus,
425 1675 464 1755 a
479 1705 656 1777 versum,
691 1663 801 1754 Deus
814 1670 990 1756 miserea-

145 1806 233 1872 --tur
261 1783 414 1873 nostri·
443 1794 492 1873 Et
515 1790 748 1874 Conventus
780 1820 989 1903 prosequa-

172 1927 237 1986 tur
252 1936 343 2014 quae
362 1907 550 1991 cantanda
566 1931 656 1989 sunt
671 1967 681 2004 ,
696 1900 871 1992 Cantore
890 1915 991 1989 sem'-

148 2079 153 2087 -
172 2044 249 2135 'per
263 2022 473 2135 incipiente
487 2023 748 2134 Antiphonas,
759 2020 798 2098 ὅ(
812 2023 987 2104 Versus.

201 2137 250 2214 Et
280 2159 373 2218 tunc
395 2135 578 2222 Praelatus
603 2133 710 2220 flexis
739 2133 906 2245 genibus
934 2135 991 2216 in-

175 2248 293 2358 cipiat
325 2248 452 2334 lavare
479 2254 597 2362 pedes
616 2252 790 2335 Fratrum
818 2254 839 2333 i
871 2277 989 2361 supe-

175 2361 373 2464 rioribus,
399 2367 449 2450 ad
477 2364 678 2449 inferiores
707 2362 920 2462 incedens,
951 2363 990 2442 ἃ

176 2477 308 2590 primis
331 2478 374 2561 in
407 2481 569 2565 dexteri)
601 2476 744 2562 Choro
760 2538 772 2578 ‚
788 2508 988 2588 >utrosque

167 2595 296 2703 pedes
311 2592 484 2679 Fratrum
504 2591 739 2700 abluendo,
755 2624 836 2677 unn
855 2590 992 2677 Cord-

151 2711 346 2816 'iutorum
377 2712 504 2820 ipsum
533 2711 808 2820 praecedente,
834 2708 874 2788 ὅ(
904 2739 995 2818 ευρ-

176 2850 347 3018 ponente
369 2886 380 2920 ,
401 2818 451 2904 ’ἃ
481 2847 680 2934 coaptante
709 2824 855 2936 pelvim
884 2826 993 2937 pedi·

140 2960 148 2975 ·’
206 2965 248 3016 us
279 2941 418 3023 Fratris
440 2937 667 3040 abluendis,
697 2939 736 3018 ὃ(
755 2940 879 3022 altero
907 2939 993 3021 sub-

175 3052 383 3160 sequente,
409 3055 452 3136 a&
471 3084 608 3166 aquam
635 3083 726 3138 cum
756 3054 888 3163 aliquo
904 3083 992 3139 vase

131 3184 156 3241 ἐ·
172 3161 314 3285 idoneo
341 3169 689 3291 superinfundente
710 3233 731 3254 ..
754 3169 867 3257 Prior
888 3167 990 3253 :vera

871 3311 937 3403 pe-
