2070 3774
166 262 177 313 τ
250 227 333 312 188
442 213 735 333 Feriaquinta2

181 370 333 455 semper
347 342 525 454 Vrrginis
541 340 763 458 patrociniis
793 339 999 425 confiden-

184 472 245 539 tes
257 463 303 557 ‚a
321 459 468 540 cunctis
484 457 659 546 hostibus
676 456 795 545 redde
810 483 967 543 securos
983 514 995 533 .

186 571 261 658 Per
278 566 504 655 Christum.

302 679 365 765 Ad
380 679 508 763 Altare
527 672 881 796 SS·Angelorum.
990 721 993 725 ·

178 792 344 903 hariph.
372 798 610 913 Archangeli
638 794 845 884 Michaelis
877 795 995 877 inter

184 916 366 997 ventione
386 908 559 1015 suffuiti,
576 914 848 1012 te‚·Domine‚
866 909 997 1020 depre-

184 1056 344 1111 camur:
365 1052 410 1110 ut
434 1089 447 1127 ,
476 1054 573 1134 quos
605 1030 759 1111 honore
788 1025 996 1137 prosequi-

184 1164 299 1240 mur,¹
324 1144 598 1251 contingamus
629 1143 668 1222 dt
694 1164 851 1224 mente.
921 1155 924 1160 ’

182 1242 236 1348 W·
272 1253 441 1338 Adorate
461 1257 594 1339 Deum
615 1276 647 1338 ·.'

184 1363 237 1454 R·
272 1365 420 1483 Omnes
435 1371 578 1483 Angeli
596 1375 709 1482 ejus.

305 1475 509 1587 Oretum.
715 1475 881 1565 Oratio.

301 1602 407 1698 Eua,
435 1601 510 1708 qui
529 1603 629 1682 mito
657 1599 794 1682 ordine
821 1598 999 1710 Angelo-

320 1713 407 1795 rum
448 1715 689 1817 ministeria,
705 1705 998 1822 hominumque

186 1825 384 1936 dispensae
400 1855 411 1904 τ
429 1833 600 1915 concede
630 1828 850 1940 propitius,
876 1849 947 1926 ut,
976 1832 997 1910 h

185 1937 325 2051 quibus
373 1939 440 2022 tibi
484 1938 790 2054 ministrantibus
826 1941 866 2021 in
902 1941 1000 2023 caeto

186 2084 340 2167 semper
357 2057 572 2156 assistitura
599 2053 648 2137 ab
664 2056 725 2138 his
744 2058 783 2137 in
801 2078 903 2137 terra
917 2056 999 2137 vita

187 2191 323 2254 nootra
337 2171 558 2255 muniatur.
588 2172 662 2255 Per
679 2165 908 2252 Christum.

258 2274 320 2357 Ad
337 2278 463 2363 Altare
482 2280 521 2365 S.
539 2281 691 2387 joannis
708 2285 918 2395 Baptistae.

184 2388 341 2498 ani-ph.
382 2399 483 2480 Inter
525 2406 636 2482 natos
669 2399 874 2485 inuiierum
920 2426 1001 2483 non

185 2512 353 2597 surrexit
370 2518 494 2621 major
506 2516 654 2621 Joanne
668 2516 839 2626 Baptista
856 2574 868 2596 .

186 2621 239 2718 V.
274 2624 361 2706 Fuit
384 2621 503 2709 homo
530 2628 669 2709 missus
697 2624 718 2710 ai
744 2629 857 2713 Deo.

186 2735 241 2824 lh·
274 2735 355 2820 Cui
384 2768 527 2825 nomen
555 2764 636 2824 erat
666 2745 858 2850 Joannes.

306 2842 509 2937 Oremus.
551 2886 556 2908 ··
659 2898 661 2903 ·
712 2849 880 2939 Oratio.

191 2959 444 3152 pinnata,
470 2992 725 3078 quaesumus,
752 2970 1000 3083 omnipotens

298 3080 409 3164 Deus
427 3106 495 3163 :ut
525 3082 765 3171 familiam
795 3089 999 3200 perviam

191 3193 324 3319 salutis
341 3196 522 3300 incedam
539 3195 579 3278 dt
594 3196 697 3291 beati
718 3196 872 3313 Jotmris
886 3202 1000 3299 Ρτεε-Ι

847 3341 942 3401 cur-

1001 2283 1033 2341 ἱ
