2070 3774
317 118 381 200 Ad
400 117 587 203 Missam
734 127 819 240 283

58 233 121 321 bis
146 261 228 325 tuae
256 237 543 352 propitiationis
577 233 883 350 effectumtut‚

59 354 162 438 sicut
186 358 227 442 in
244 357 423 441 Passione
450 384 545 456 sua,
574 360 684 466 Jesus
695 351 882 443 Christus

59 468 260 556 Dominus
288 493 419 557 noster
446 470 601 558 diversa
627 473 803 584 utrisque
829 474 884 557 in⁴
1000 474 1003 479 ’

58 585 152 670 tulit
176 588 370 702 stipendia
384 588 615 671 meritorum
631 617 646 688 ς
662 590 714 673 ita
743 585 883 689 nobis,

60 697 189 788 ablato
207 704 409 790 vetustatis
436 730 592 806 errore,
608 704 882 790 Resurrectio·

59 819 119 902 nis
144 845 228 902 suae
254 821 421 934 gratiam
453 817 671 935 largiatur.
701 814 785 930 Qui
821 841 882 907 to·

52 955 154 1029 vcum
180 936 300 1043 vivit,
331 933 407 1021 &o

84 1045 242 1137 Deinde
269 1041 554 1151 aiSubdiacono
584 1044 625 1125 in
650 1042 789 1126 eodem
817 1041 880 1128 loa

56 1192 133 1266 to,
161 1191 242 1273 quo
258 1160 299 1243 8(
316 1159 430 1274 prior
444 1157 651 1270 Prophetis
679 1154 778 1245 lecta
794 1178 880 1259 est,

56 1280 216 1391 legatur
237 1275 325 1359 sini·
348 1274 491 1374 titulo,
518 1271 558 1353 ὅι
588 1274 630 1358 in
656 1295 755 1361 tono·
777 1274 879 1359 Lec-

56 1395 171 1479 tionis
198 1415 365 1502 sequens
389 1391 546 1475 Lectio.

112 1506 176 1592 „s
358 1504 485 1590 Fumi.
522 1529 588 1586 η.

110 1627 151 1708 Ν
180 1620 318 1709 diebus
346 1623 422 1708 illis
439 1623 578 1709 :Dixit
603 1623 800 1710 Dominus
832 1626 884 1713 ad

125 1743 327 1848 Moysen,
340 1738 381 1820 ὅ(
397 1741 530 1824 Aaron
546 1740 587 1825 in
603 1749 706 1826 teria
721 1743 883 1857 AEgyp

58 1855 111 1941 ti:
126 1855 280 1940 Mensis
295 1856 365 1939 iste
382 1851 493 1938 vobis
516 1857 753 1970 principium
769 1886 884 1943 men-

58 1974 162 2057 sium
177 2003 188 2053 :
203 1971 353 2085 primus
368 1973 442 2057 erit
473 1971 515 2055 in
542 1969 740 2056 mensibus
754 1976 883 2060 anni.

58 2087 284 2198 Loquimini
315 2089 365 2173 ad
391 2087 621 2174 universum
650 2114 800 2176 coetum
833 2091 883 2175 fi-

59 2203 202 2288 liorum
227 2198 378 2304 lsrael,
405 2201 447 2284 ἁ
472 2203 592 2290 dicite
618 2205 674 2288 eis
690 2239 701 2288 ε
716 2205 884 2292 Decima

58 2320 123 2406 die
150 2319 294 2404 mensis
317 2319 435 2428 hujus
449 2380 462 2419 ‚
478 2320 590 2405 tollat
617 2323 881 2433 unusquisque

26 2528 29 2532 Α
58 2461 208 2550 agnum
224 2461 297 2549 pet·
322 2432 512 2541 familias,
542 2433 737 2521 &domos
763 2463 882 2523 suas.

57 2552 128 2640 sin
164 2575 295 2636 autem
334 2551 465 2636 minor
494 2575 553 2635 est
578 2581 797 2658 numerus,
838 2575 884 2639 ut

56 2665 237 2757 sufficere
253 2668 376 2781 possit
391 2665 443 2754 sd
457 2668 696 2754 uescendum
709 2693 884 2781 agnum,

59 2804 228 2871 assumet
256 2783 433 2868 vicinum
460 2809 596 2888 suum,
623 2785 690 2896 qui
724 2790 882 2896 junctus

57 2923 118 2985 est
143 2898 278 2982 domui
306 2927 392 2984 suas
407 2928 419 2980 t
436 2905 544 3011 iuxta
566 2928 774 2989 numerum
800 2902 881 2986 ani·

24 3034 320 3125 mammonae
335 3012 516 3102 sufficere
531 3019 883 3131 possuntadesum
978 3085 983 3091 .

57 3135 176 3246 agni.
207 3132 290 3220 Erit
311 3153 441 3220 autem
469 3158 599 3248 agnus
632 3131 777 3332 absque]
805 3161 882 3217 tna·

713 3277 802 3337 eus
