<?xml version="1.0" encoding="UTF-8"?>
<!DOCTYPE html PUBLIC "-//W3C//DTD XHTML 1.0 Transitional//EN"
    "http://www.w3.org/TR/xhtml1/DTD/xhtml1-transitional.dtd">
<html xmlns="http://www.w3.org/1999/xhtml" xml:lang="en" lang="en">
 <head>
  <title>
</title>
<meta http-equiv="Content-Type" content="text/html;charset=utf-8" />
  <meta name='ocr-system' content='tesseract 3.04.00' />
  <meta name='ocr-capabilities' content='ocr_page ocr_carea ocr_par ocr_line ocrx_word'/>
</head>
<body>
  <div class='ocr_page' id='page_1' title='image "./officiumhebdoma00churgoog/officiumhebdoma00churgoog_0268.png"; bbox 0 0 2070 3774; ppageno 0'>
   <div class='ocr_carea' id='block_1_1' title="bbox 99 188 997 3427">
    <p class='ocr_par' dir='ltr' id='par_1_1' title="bbox 99 188 997 1122">
     <span class='ocr_line' id='line_1_1' title="bbox 368 188 866 315; baseline 0.004 -41"><span class='ocrx_word' id='word_1_1' title='bbox 368 195 411 277; x_wconf 82' lang='lat' dir='ltr'>l&#39;n</span> <span class='ocrx_word' id='word_1_2' title='bbox 435 188 637 278; x_wconf 82' lang='lat' dir='ltr'>Laudibus</span> <span class='ocrx_word' id='word_1_3' title='bbox 780 198 866 315; x_wconf 72' lang='lat'>267</span> 
     </span>
     <span class='ocr_line' id='line_1_2' title="bbox 104 307 942 400; baseline 0.001 -1"><span class='ocrx_word' id='word_1_4' title='bbox 104 335 239 399; x_wconf 86' lang='lat' dir='ltr'>meum</span> <span class='ocrx_word' id='word_1_5' title='bbox 255 307 505 400; x_wconf 75' lang='lat' dir='ltr'>annunciabit</span> <span class='ocrx_word' id='word_1_6' title='bbox 520 307 678 398; x_wconf 84' lang='lat' dir='ltr'>laudern</span> <span class='ocrx_word' id='word_1_7' title='bbox 694 331 825 400; x_wconf 84' lang='lat' dir='ltr'><strong>tuam.</strong></span> <span class='ocrx_word' id='word_1_8' title='bbox 938 352 942 359; x_wconf 93' lang='lat'>·</span> 
     </span>
     <span class='ocr_line' id='line_1_3' title="bbox 103 424 923 542; baseline 0.012 -32"><span class='ocrx_word' id='word_1_9' title='bbox 103 427 315 542; x_wconf 85' lang='lat' dir='ltr'>Quoniam</span> <span class='ocrx_word' id='word_1_10' title='bbox 354 428 387 512; x_wconf 85' lang='lat' dir='ltr'>si</span> <span class='ocrx_word' id='word_1_11' title='bbox 430 424 621 517; x_wconf 84' lang='lat' dir='ltr'><strong>voluisses</strong></span> <span class='ocrx_word' id='word_1_12' title='bbox 667 431 923 539; x_wconf 71' lang='lat' dir='ltr'>sacrificium,¹</span> 
     </span>
     <span class='ocr_line' id='line_1_4' title="bbox 102 542 923 664; baseline 0.005 -31"><span class='ocrx_word' id='word_1_13' title='bbox 102 545 298 633; x_wconf 78' lang='lat' dir='ltr'>dedissem</span> <span class='ocrx_word' id='word_1_14' title='bbox 329 545 493 664; x_wconf 87' lang='lat' dir='ltr'>utique:</span> <span class='ocrx_word' id='word_1_15' title='bbox 520 542 809 634; x_wconf 85' lang='lat' dir='ltr'>*holocaustis</span> <span class='ocrx_word' id='word_1_16' title='bbox 840 577 923 636; x_wconf 90' lang='lat' dir='ltr'>non</span> 
     </span>
     <span class='ocr_line' id='line_1_5' title="bbox 103 657 997 761; baseline -0.011 -17"><span class='ocrx_word' id='word_1_17' title='bbox 103 657 384 746; x_wconf 81' lang='lat' dir='ltr'><strong>delectaberis.</strong></span> <span class='ocrx_word' id='word_1_18' title='bbox 822 710 826 714; x_wconf 95' lang='lat'>-</span> <span class='ocrx_word' id='word_1_19' title='bbox 990 754 997 761; x_wconf 91' lang='lat'><strong>.</strong></span> 
     </span>
     <span class='ocr_line' id='line_1_6' title="bbox 102 774 921 889; baseline -0.001 -21"><span class='ocrx_word' id='word_1_20' title='bbox 102 777 352 868; x_wconf 68' lang='lat' dir='ltr'>Sacrificium</span> <span class='ocrx_word' id='word_1_21' title='bbox 369 775 462 860; x_wconf 89' lang='lat' dir='ltr'>Deo</span> <span class='ocrx_word' id='word_1_22' title='bbox 493 774 651 889; x_wconf 84' lang='lat' dir='ltr'><strong>spiritus</strong></span> <span class='ocrx_word' id='word_1_23' title='bbox 682 775 921 867; x_wconf 83' lang='lat' dir='ltr'>contribula-</span> 
     </span>
     <span class='ocr_line' id='line_1_7' title="bbox 100 893 923 992; baseline 0.01 -16"><span class='ocrx_word' id='word_1_24' title='bbox 100 918 162 978; x_wconf 86' lang='lat' dir='ltr'>tus</span> <span class='ocrx_word' id='word_1_25' title='bbox 194 921 205 971; x_wconf 75' lang='grc' dir='ltr'><strong><em>ε</em></strong></span> <span class='ocrx_word' id='word_1_26' title='bbox 238 896 263 938; x_wconf 78' lang='lat'>&#39;¹‘</span> <span class='ocrx_word' id='word_1_27' title='bbox 291 921 362 977; x_wconf 93' lang='lat' dir='ltr'>cor</span> <span class='ocrx_word' id='word_1_28' title='bbox 393 895 636 992; x_wconf 87' lang='lat' dir='ltr'>contritum,</span> <span class='ocrx_word' id='word_1_29' title='bbox 666 893 707 975; x_wconf 80' lang='lat' dir='ltr'>dt</span> <span class='ocrx_word' id='word_1_30' title='bbox 740 895 923 984; x_wconf 86' lang='lat' dir='ltr'>humilia·</span> 
     </span>
     <span class='ocr_line' id='line_1_8' title="bbox 99 1007 707 1122; baseline -0.002 -27"><span class='ocrx_word' id='word_1_31' title='bbox 99 1033 210 1109; x_wconf 87' lang='lat' dir='ltr'>tum,</span> <span class='ocrx_word' id='word_1_32' title='bbox 236 1007 348 1094; x_wconf 89' lang='lat' dir='ltr'>Deus</span> <span class='ocrx_word' id='word_1_33' title='bbox 379 1037 459 1092; x_wconf 89' lang='lat' dir='ltr'>non</span> <span class='ocrx_word' id='word_1_34' title='bbox 490 1009 707 1122; x_wconf 73' lang='lat' dir='ltr'><strong>despicies.</strong></span> 
     </span>
    </p>

    <p class='ocr_par' dir='ltr' id='par_1_2' title="bbox 105 1120 923 1238">
     <span class='ocr_line' id='line_1_9' title="bbox 105 1120 923 1238; baseline -0.001 -23"><span class='ocrx_word' id='word_1_35' title='bbox 105 1122 286 1238; x_wconf 73' lang='lat' dir='ltr'>Benigne</span> <span class='ocrx_word' id='word_1_36' title='bbox 321 1124 381 1210; x_wconf 86' lang='lat' dir='ltr'>fac</span> <span class='ocrx_word' id='word_1_37' title='bbox 398 1189 411 1228; x_wconf 86' lang='lat'>,</span> <span class='ocrx_word' id='word_1_38' title='bbox 427 1125 597 1208; x_wconf 87' lang='lat' dir='ltr'>Domine</span> <span class='ocrx_word' id='word_1_39' title='bbox 615 1187 628 1226; x_wconf 86' lang='lat'>‚</span> <span class='ocrx_word' id='word_1_40' title='bbox 645 1127 686 1209; x_wconf 89' lang='lat' dir='ltr'>in</span> <span class='ocrx_word' id='word_1_41' title='bbox 714 1120 820 1212; x_wconf 90' lang='lat' dir='ltr'>bona</span> <span class='ocrx_word' id='word_1_42' title='bbox 848 1156 923 1214; x_wconf 86' lang='lat' dir='ltr'>vo·</span> 
     </span>
    </p>

    <p class='ocr_par' dir='ltr' id='par_1_3' title="bbox 101 1239 925 1332">
     <span class='ocr_line' id='line_1_10' title="bbox 101 1239 925 1332; baseline 0.008 -7"><span class='ocrx_word' id='word_1_43' title='bbox 101 1241 248 1327; x_wconf 85' lang='lat' dir='ltr'>luntate</span> <span class='ocrx_word' id='word_1_44' title='bbox 278 1263 346 1325; x_wconf 89' lang='lat' dir='ltr'>tua</span> <span class='ocrx_word' id='word_1_45' title='bbox 376 1240 474 1327; x_wconf 79' lang='lat' dir='ltr'>Sion</span> <span class='ocrx_word' id='word_1_46' title='bbox 500 1271 512 1321; x_wconf 74' lang='grc' dir='ltr'><strong><em>ε</em></strong></span> <span class='ocrx_word' id='word_1_47' title='bbox 547 1239 571 1286; x_wconf 85' lang='grc'>*</span> <span class='ocrx_word' id='word_1_48' title='bbox 603 1264 649 1326; x_wconf 93' lang='lat' dir='ltr'>ut</span> <span class='ocrx_word' id='word_1_49' title='bbox 676 1240 925 1332; x_wconf 84' lang='lat' dir='ltr'>aedificentur</span> 
     </span>
    </p>

    <p class='ocr_par' dir='ltr' id='par_1_4' title="bbox 100 1357 476 1465">
     <span class='ocr_line' id='line_1_11' title="bbox 100 1357 476 1465; baseline 0 -25"><span class='ocrx_word' id='word_1_50' title='bbox 100 1359 200 1441; x_wconf 90' lang='lat' dir='ltr'>muri</span> <span class='ocrx_word' id='word_1_51' title='bbox 235 1357 476 1465; x_wconf 76' lang='lat' dir='ltr'><strong>Jerusalem.</strong></span> 
     </span>
    </p>

    <p class='ocr_par' dir='ltr' id='par_1_5' title="bbox 103 1468 924 1588">
     <span class='ocr_line' id='line_1_12' title="bbox 103 1468 924 1588; baseline -0.005 -25"><span class='ocrx_word' id='word_1_52' title='bbox 103 1480 139 1563; x_wconf 86' lang='lat' dir='ltr'>T</span> <span class='ocrx_word' id='word_1_53' title='bbox 142 1503 220 1557; x_wconf 88' lang='lat' dir='ltr'>unc</span> <span class='ocrx_word' id='word_1_54' title='bbox 238 1468 455 1588; x_wconf 81' lang='lat' dir='ltr'><strong>acceptabis</strong></span> <span class='ocrx_word' id='word_1_55' title='bbox 477 1469 711 1558; x_wconf 84' lang='lat' dir='ltr'>sacrificium</span> <span class='ocrx_word' id='word_1_56' title='bbox 736 1474 924 1585; x_wconf 67' lang='lat' dir='ltr'><strong>jutitiae,</strong></span> 
     </span>
    </p>

    <p class='ocr_par' dir='ltr' id='par_1_6' title="bbox 100 1584 924 1692">
     <span class='ocr_line' id='line_1_13' title="bbox 100 1584 924 1692; baseline 0.002 -19"><span class='ocrx_word' id='word_1_57' title='bbox 100 1585 317 1675; x_wconf 88' lang='lat' dir='ltr'>oblationes</span> <span class='ocrx_word' id='word_1_58' title='bbox 349 1650 363 1692; x_wconf 85' lang='lat'>‚</span> <span class='ocrx_word' id='word_1_59' title='bbox 391 1586 432 1668; x_wconf 75' lang='lat' dir='ltr'>dt</span> <span class='ocrx_word' id='word_1_60' title='bbox 471 1588 730 1673; x_wconf 80' lang='lat' dir='ltr'>holocausta:</span> <span class='ocrx_word' id='word_1_61' title='bbox 761 1584 787 1636; x_wconf 87' lang='lat'>*</span> <span class='ocrx_word' id='word_1_62' title='bbox 828 1612 924 1679; x_wconf 90' lang='lat' dir='ltr'>tunc</span> 
     </span>
    </p>

    <p class='ocr_par' dir='ltr' id='par_1_7' title="bbox 101 1704 925 1821">
     <span class='ocr_line' id='line_1_14' title="bbox 101 1704 925 1821; baseline 0.002 -33"><span class='ocrx_word' id='word_1_63' title='bbox 101 1705 304 1821; x_wconf 85' lang='lat' dir='ltr'>imponent</span> <span class='ocrx_word' id='word_1_64' title='bbox 331 1731 449 1820; x_wconf 85' lang='lat' dir='ltr'><strong>super</strong></span> <span class='ocrx_word' id='word_1_65' title='bbox 467 1704 597 1790; x_wconf 86' lang='lat' dir='ltr'><strong>Altare</strong></span> <span class='ocrx_word' id='word_1_66' title='bbox 616 1726 729 1787; x_wconf 87' lang='lat' dir='ltr'>tuum</span> <span class='ocrx_word' id='word_1_67' title='bbox 744 1704 890 1791; x_wconf 84' lang='lat' dir='ltr'>vitulos</span> <span class='ocrx_word' id='word_1_68' title='bbox 910 1762 925 1790; x_wconf 96' lang='lat'><strong>.</strong></span> 
     </span>
    </p>

    <p class='ocr_par' dir='ltr' id='par_1_8' title="bbox 104 1821 927 1935">
     <span class='ocr_line' id='line_1_15' title="bbox 104 1821 927 1935; baseline -0.005 -23"><span class='ocrx_word' id='word_1_69' title='bbox 104 1826 269 1935; x_wconf 85' lang='lat' dir='ltr'>Antiph.</span> <span class='ocrx_word' id='word_1_70' title='bbox 297 1822 464 1935; x_wconf 89' lang='lat' dir='ltr'>Proprio</span> <span class='ocrx_word' id='word_1_71' title='bbox 498 1821 597 1906; x_wconf 82' lang='lat' dir='ltr'>Filio</span> <span class='ocrx_word' id='word_1_72' title='bbox 630 1847 704 1904; x_wconf 85' lang='lat' dir='ltr'>auo</span> <span class='ocrx_word' id='word_1_73' title='bbox 738 1849 819 1904; x_wconf 91' lang='lat' dir='ltr'>non</span> <span class='ocrx_word' id='word_1_74' title='bbox 855 1848 927 1933; x_wconf 89' lang='lat' dir='ltr'>pe·</span> 
     </span>
    </p>

    <p class='ocr_par' dir='ltr' id='par_1_9' title="bbox 101 1932 926 2050">
     <span class='ocr_line' id='line_1_16' title="bbox 101 1932 926 2050; baseline 0.007 -33"><span class='ocrx_word' id='word_1_75' title='bbox 101 1935 229 2049; x_wconf 86' lang='lat' dir='ltr'><strong>percit</strong></span> <span class='ocrx_word' id='word_1_76' title='bbox 254 1935 476 2022; x_wconf 75' lang='lat' dir='ltr'>Deustaed</span> <span class='ocrx_word' id='word_1_77' title='bbox 499 1964 573 2050; x_wconf 87' lang='lat' dir='ltr'>pro</span> <span class='ocrx_word' id='word_1_78' title='bbox 599 1932 713 2020; x_wconf 89' lang='lat' dir='ltr'>nobis</span> <span class='ocrx_word' id='word_1_79' title='bbox 741 1933 926 2023; x_wconf 80' lang='lat' dir='ltr'>omnibus</span> 
     </span>
    </p>

    <p class='ocr_par' dir='ltr' id='par_1_10' title="bbox 102 2050 424 2138">
     <span class='ocr_line' id='line_1_17' title="bbox 102 2050 424 2138; baseline 0.012 -4"><span class='ocrx_word' id='word_1_80' title='bbox 102 2051 264 2136; x_wconf 86' lang='lat' dir='ltr'><strong>tradidit</strong></span> <span class='ocrx_word' id='word_1_81' title='bbox 282 2050 393 2134; x_wconf 86' lang='lat' dir='ltr'>ilium</span> <span class='ocrx_word' id='word_1_82' title='bbox 411 2112 424 2138; x_wconf 88' lang='lat'><strong>.</strong></span> 
     </span>
    </p>

    <p class='ocr_par' dir='ltr' id='par_1_11' title="bbox 104 2164 960 2511">
     <span class='ocr_line' id='line_1_18' title="bbox 104 2164 932 2290; baseline -0.005 -29"><span class='ocrx_word' id='word_1_83' title='bbox 104 2172 266 2290; x_wconf 81' lang='lat' dir='ltr'>Antiph.</span> <span class='ocrx_word' id='word_1_84' title='bbox 293 2169 509 2255; x_wconf 67' lang='lat' dir='ltr'>Anaiatue.</span> <span class='ocrx_word' id='word_1_85' title='bbox 634 2164 932 2284; x_wconf 67' lang='lat' dir='ltr'>Psalmus14&#39;25</span> 
     </span>
     <span class='ocr_line' id='line_1_19' title="bbox 237 2277 960 2387; baseline 0 -22"><span class='ocrx_word' id='word_1_86' title='bbox 237 2278 384 2368; x_wconf 89' lang='lat' dir='ltr'>Omine</span> <span class='ocrx_word' id='word_1_87' title='bbox 425 2345 440 2387; x_wconf 82' lang='lat'>‚</span> <span class='ocrx_word' id='word_1_88' title='bbox 497 2277 653 2369; x_wconf 69' lang='lat' dir='ltr'><strong>exaud?</strong></span> <span class='ocrx_word' id='word_1_89' title='bbox 709 2280 960 2370; x_wconf 83' lang='lat' dir='ltr'>orationem&#39;</span> 
     </span>
     <span class='ocr_line' id='line_1_20' title="bbox 253 2396 930 2511; baseline 0.007 -30"><span class='ocrx_word' id='word_1_90' title='bbox 253 2426 381 2484; x_wconf 89' lang='lat' dir='ltr'><strong>meam</strong></span> <span class='ocrx_word' id='word_1_91' title='bbox 398 2429 414 2500; x_wconf 73' lang='grc' dir='ltr'><strong>ς</strong></span> <span class='ocrx_word' id='word_1_92' title='bbox 432 2396 590 2483; x_wconf 87' lang='lat' dir='ltr'>auribus</span> <span class='ocrx_word' id='word_1_93' title='bbox 621 2396 790 2511; x_wconf 87' lang='lat' dir='ltr'>percipe¹</span> <span class='ocrx_word' id='word_1_94' title='bbox 811 2397 930 2486; x_wconf 80' lang='lat' dir='ltr'><strong>obse·</strong></span> 
     </span>
    </p>

    <p class='ocr_par' dir='ltr' id='par_1_12' title="bbox 106 2507 929 2601">
     <span class='ocr_line' id='line_1_21' title="bbox 106 2507 929 2601; baseline -0.001 -3"><span class='ocrx_word' id='word_1_95' title='bbox 106 2513 319 2599; x_wconf 84' lang='lat' dir='ltr'><strong>crationem</strong></span> <span class='ocrx_word' id='word_1_96' title='bbox 350 2541 479 2601; x_wconf 88' lang='lat' dir='ltr'><strong>meam</strong></span> <span class='ocrx_word' id='word_1_97' title='bbox 510 2514 552 2598; x_wconf 90' lang='lat' dir='ltr'>in</span> <span class='ocrx_word' id='word_1_98' title='bbox 582 2511 748 2596; x_wconf 81' lang='lat' dir='ltr'><strong>veritate</strong></span> <span class='ocrx_word' id='word_1_99' title='bbox 780 2535 848 2600; x_wconf 88' lang='lat' dir='ltr'>tua</span> <span class='ocrx_word' id='word_1_100' title='bbox 874 2507 929 2597; x_wconf 74' lang='lat' dir='ltr'>a*</span> 
     </span>
    </p>

    <p class='ocr_par' dir='ltr' id='par_1_13' title="bbox 104 2627 711 2740">
     <span class='ocr_line' id='line_1_22' title="bbox 104 2627 711 2740; baseline -0.01 -25"><span class='ocrx_word' id='word_1_101' title='bbox 104 2630 244 2715; x_wconf 81' lang='lat' dir='ltr'><strong>exaudi</strong></span> <span class='ocrx_word' id='word_1_102' title='bbox 272 2659 335 2714; x_wconf 89' lang='lat' dir='ltr'>me</span> <span class='ocrx_word' id='word_1_103' title='bbox 368 2630 509 2716; x_wconf 87' lang='lat' dir='ltr'>intua</span> <span class='ocrx_word' id='word_1_104' title='bbox 539 2627 711 2740; x_wconf 84' lang='lat' dir='ltr'><strong>justitia.</strong></span> 
     </span>
    </p>

    <p class='ocr_par' dir='ltr' id='par_1_14' title="bbox 104 2742 933 2856">
     <span class='ocr_line' id='line_1_23' title="bbox 104 2742 933 2856; baseline -0.01 -22"><span class='ocrx_word' id='word_1_105' title='bbox 104 2753 163 2834; x_wconf 82' lang='lat' dir='ltr'>Et</span> <span class='ocrx_word' id='word_1_106' title='bbox 193 2775 274 2832; x_wconf 90' lang='lat' dir='ltr'>non</span> <span class='ocrx_word' id='word_1_107' title='bbox 302 2747 420 2831; x_wconf 89' lang='lat' dir='ltr'><strong>intres</strong></span> <span class='ocrx_word' id='word_1_108' title='bbox 447 2746 491 2830; x_wconf 94' lang='lat' dir='ltr'>in</span> <span class='ocrx_word' id='word_1_109' title='bbox 518 2742 709 2856; x_wconf 78' lang='lat' dir='ltr'>judicium</span> <span class='ocrx_word' id='word_1_110' title='bbox 736 2769 828 2827; x_wconf 87' lang='lat' dir='ltr'>curn</span> <span class='ocrx_word' id='word_1_111' title='bbox 854 2763 933 2827; x_wconf 83' lang='lat' dir='ltr'><strong>ser·</strong></span> 
     </span>
    </p>

    <p class='ocr_par' dir='ltr' id='par_1_15' title="bbox 103 2853 932 2972">
     <span class='ocr_line' id='line_1_24' title="bbox 103 2853 932 2972; baseline -0.004 -26"><span class='ocrx_word' id='word_1_112' title='bbox 103 2874 159 2946; x_wconf 71' lang='lat' dir='ltr'>no</span> <span class='ocrx_word' id='word_1_113' title='bbox 176 2885 275 2946; x_wconf 88' lang='lat' dir='ltr'>tuo:</span> <span class='ocrx_word' id='word_1_114' title='bbox 298 2859 322 2907; x_wconf 88' lang='lat'>*</span> <span class='ocrx_word' id='word_1_115' title='bbox 352 2861 446 2972; x_wconf 91' lang='lat' dir='ltr'>quia</span> <span class='ocrx_word' id='word_1_116' title='bbox 474 2888 554 2947; x_wconf 91' lang='lat' dir='ltr'>non</span> <span class='ocrx_word' id='word_1_117' title='bbox 584 2853 859 2971; x_wconf 81' lang='lat' dir='ltr'>justificabitur</span> <span class='ocrx_word' id='word_1_118' title='bbox 889 2857 932 2943; x_wconf 90' lang='lat' dir='ltr'>in</span> 
     </span>
    </p>

    <p class='ocr_par' dir='ltr' id='par_1_16' title="bbox 104 2974 772 3092">
     <span class='ocr_line' id='line_1_25' title="bbox 104 2974 772 3092; baseline -0.013 -29"><span class='ocrx_word' id='word_1_119' title='bbox 104 3001 319 3092; x_wconf 85' lang='lat' dir='ltr'>conspectu</span> <span class='ocrx_word' id='word_1_120' title='bbox 351 2998 423 3060; x_wconf 91' lang='lat' dir='ltr'>tuo</span> <span class='ocrx_word' id='word_1_121' title='bbox 453 2977 582 3083; x_wconf 87' lang='lat' dir='ltr'>omnis</span> <span class='ocrx_word' id='word_1_122' title='bbox 608 2974 772 3059; x_wconf 82' lang='lat' dir='ltr'><strong>vivens.</strong></span> 
     </span>
    </p>

    <p class='ocr_par' dir='ltr' id='par_1_17' title="bbox 104 3083 934 3207">
     <span class='ocr_line' id='line_1_26' title="bbox 104 3083 934 3207; baseline -0.01 -30"><span class='ocrx_word' id='word_1_123' title='bbox 104 3094 224 3207; x_wconf 83' lang='lat' dir='ltr'>Quia</span> <span class='ocrx_word' id='word_1_124' title='bbox 250 3116 480 3207; x_wconf 82' lang='lat' dir='ltr'><strong>persecutus</strong></span> <span class='ocrx_word' id='word_1_125' title='bbox 528 3113 589 3175; x_wconf 85' lang='lat' dir='ltr'>est</span> <span class='ocrx_word' id='word_1_126' title='bbox 637 3090 816 3177; x_wconf 84' lang='lat' dir='ltr'>inimicus</span> <span class='ocrx_word' id='word_1_127' title='bbox 846 3083 934 3171; x_wconf 90' lang='lat' dir='ltr'>ani·</span> 
     </span>
    </p>

    <p class='ocr_par' dir='ltr' id='par_1_18' title="bbox 104 3200 937 3297">
     <span class='ocr_line' id='line_1_27' title="bbox 104 3200 937 3297; baseline -0.013 -1"><span class='ocrx_word' id='word_1_128' title='bbox 104 3236 209 3296; x_wconf 87' lang='lat' dir='ltr'>mam</span> <span class='ocrx_word' id='word_1_129' title='bbox 223 3237 377 3295; x_wconf 86' lang='lat' dir='ltr'><strong>meam:</strong></span> <span class='ocrx_word' id='word_1_130' title='bbox 398 3204 658 3293; x_wconf 83' lang='lat' dir='ltr'>*humiliavit</span> <span class='ocrx_word' id='word_1_131' title='bbox 676 3207 718 3292; x_wconf 93' lang='lat' dir='ltr'>in</span> <span class='ocrx_word' id='word_1_132' title='bbox 734 3228 856 3297; x_wconf 82' lang='lat' dir='ltr'><strong>terrra</strong></span> <span class='ocrx_word' id='word_1_133' title='bbox 872 3200 937 3289; x_wconf 82' lang='lat' dir='ltr'>ui·</span> 
     </span>
    </p>

    <p class='ocr_par' dir='ltr' id='par_1_19' title="bbox 106 3313 878 3427">
     <span class='ocr_line' id='line_1_28' title="bbox 106 3313 878 3427; baseline -0.006 -15"><span class='ocrx_word' id='word_1_134' title='bbox 106 3347 187 3414; x_wconf 87' lang='lat' dir='ltr'>tam</span> <span class='ocrx_word' id='word_1_135' title='bbox 201 3353 353 3418; x_wconf 77' lang='lat' dir='ltr'><strong>meatu.</strong></span> <span class='ocrx_word' id='word_1_136' title='bbox 532 3322 625 3411; x_wconf 81' lang='lat' dir='ltr'>Ma</span> <span class='ocrx_word' id='word_1_137' title='bbox 768 3313 878 3427; x_wconf 62' lang='lat'>§017</span> 
     </span>
    </p>
   </div>
   <div class='ocr_carea' id='block_1_2' title="bbox 0 0 1042 3774">
    <p class='ocr_par' dir='ltr' id='par_1_20' title="bbox 0 0 1042 3774">
     <span class='ocr_line' id='line_1_29' title="bbox 0 0 1042 3774; baseline 0 0"><span class='ocrx_word' id='word_1_138' title='bbox 0 0 1042 3774; x_wconf 95' lang='lat' dir='ltr'> </span> 
     </span>
    </p>
   </div>
  </div>
 </body>
</html>
