2070 3774
157 201 184 290 6
456 186 589 276 Penio

101 227 221 417 enisi,
245 310 367 400 donec
386 312 570 424 Regnum
583 308 672 396 Dei'
689 312 849 399 veniat}
881 298 926 393 C

102 433 155 525 Et
169 452 328 544 accepto
352 459 451 542 pane
467 487 479 529 ,
495 428 676 541 gratiane
710 428 739 511 it
752 425 821 528 ,ἃ
834 424 921 515 fre·

105 545 250 660 git‚&
273 544 382 630 dedit
410 545 465 630 eis
498 541 649 627 dicens>
705 572 711 582 ⁴
737 545 827 627 Hoc
862 565 921 630 est

106 688 247 774 empus
264 688 394 743 meum
410 720 422 760 ‚
438 657 545 768 quod
558 685 633 771 pro
646 650 759 745 tobis
775 656 920 743 datur:

108 777 198 861 Hoc
227 773 341 860 facite
375 775 416 856 in
430 801 557 857 meam
579 773 920 858 commemoratio-

107 919 224 976 nem.
258 879 297 965 C
321 887 510 974 Similiter
537 882 578 968 ὅ(
609 886 793 989 calicem,
817 910 921 1003 post.-

107 1033 225 1114 quam
241 1003 425 1104 coenavst,
442 1004 599 1088 dicens:
619 1000 673 1116 ἦε
693 1002 771 1087 Hic
786 1023 845 1088 et't
859 1033 921 1102 cn·

110 1116 164 1203 lix
192 1146 339 1202 novum
367 1140 638 1204 testamentum
671 1118 920 1229 insanguine

109 1262 213 1334 men,
226 1233 294 1344 qui
312 1261 387 1346 pro
399 1231 511 1317 vobis
524 1231 712 1317 fundetur
723 1290 740 1339 ι.
767 1232 923 1321 Verune

108 1364 239 1455 tamen
254 1376 344 1434 ecce
359 1374 495 1432 manus
521 1347 707 1434 tradentis
734 1373 798 1431 me
813 1408 826 1447 ‚
842 1378 923 1453 me-

110 1492 200 1549 cum
215 1484 272 1550 est
302 1464 343 1546 in
358 1489 515 1548 mensa.
539 1464 589 1545 Et
613 1461 773 1573 quidem
799 1460 922 1550 fitius

107 1577 308 1678 homine,
337 1577 553 1664 secundum
580 1575 688 1688 quod
713 1576 920 1699 definitum

110 1719 196 1795 est,
210 1694 315 1777 vadit
337 1718 618 1779 :veruntamen
632 1722 697 1780 vae
710 1691 860 1778 homini
878 1694 922 1779 it·

111 1808 138 1892 li
153 1867 166 1908 ,
180 1835 252 1921 per
267 1838 384 1919 quem
400 1812 598 1895 tradetur.
633 1803 734 1892 CEt
749 1808 820 1923 ipsi
837 1837 922 1897 coe·
950 1818 956 1823 ’

109 1946 255 2037 petunt
270 1951 449 2035 quaerere
466 1924 567 2008 inter
579 1951 640 2024 te,
655 1924 741 2034 quit
757 1948 856 2025 esset
873 1954 924 2013 ex

108 2038 166 2131 eis
178 2099 191 2140 ‚
205 2042 272 2150 qui
288 2041 362 2123 hoc
380 2037 552 2123 facturus
571 2063 694 2124 esset.
725 2038 840 2126 Ficta
864 2064 924 2129 est

110 2175 243 2238 autem
259 2153 299 2234 n
317 2155 515 2239 contentio
532 2155 740 2257 intereos,
757 2154 842 2267 quis
858 2185 924 2241 eo-

108 2293 198 2352 rum
209 2270 411 2355 videretur
423 2297 505 2354 esse
517 2275 654 2379 major.
665 2269 779 2354 Dixit
790 2295 922 2357 autem

108 2383 194 2467 eie:
224 2383 278 2487 ³}-
305 2386 433 2498 Reges
463 2385 642 2496 gentium
669 2386 924 2479 dominantur

108 2524 245 2582 eorum
264 2498 328 2581 z&
344 2499 411 2608 qui
427 2522 658 2612 potestatem
684 2496 831 2589 habent
854 2529 922 2595 tue

107 2626 182 2728 per
195 2609 444 2714 eos‚benefici
459 2638 677 2701 vocantur.
693 2616 777 2700 Vos
792 2640 924 2704 autem

107 2752 191 2812 non
205 2730 353 2834 sic;sed
369 2730 435 2839 qui
451 2736 577 2842 major
592 2751 652 2814 est
666 2731 707 2815 in
720 2726 923 2834 vobis,fiat

108 2843 209 2927 sicut
222 2845 352 2931 minor
368 2876 378 2926 z
395 2841 435 2923 δι
450 2845 517 2956 qni
546 2872 764 2960 praecessor
776 2867 835 2932 est
849 2907 863 2949 ,
877 2848 924 2934 ti

110 2981 178 3051 ¹cut
194 2959 457 3068 ministrator.
474 2961 576 3044 Nam
593 2961 681 3072 quin
693 2965 823 3072 major
836 2986 923 3068 est,

109 3074 176 3183 qui
194 3072 411 3174 recumbit,
427 3107 475 3171 an
488 3077 555 3188 qui
571 3076 765 3163 ministrat
779 3074 802 3161 2
816 3079 923 3164 Non·

105 3217 157 3277 ne
184 3193 251 3303 qui
278 3187 504 3295 recumbit?
532 3194 623 3310 Ego
637 3216 769 3285 autent
781 3193 920 3395 ndtlme-

835 3332 863 3394 0
