<?xml version="1.0" encoding="UTF-8"?>
<!DOCTYPE html PUBLIC "-//W3C//DTD XHTML 1.0 Transitional//EN"
    "http://www.w3.org/TR/xhtml1/DTD/xhtml1-transitional.dtd">
<html xmlns="http://www.w3.org/1999/xhtml" xml:lang="en" lang="en">
 <head>
  <title>
</title>
<meta http-equiv="Content-Type" content="text/html;charset=utf-8" />
  <meta name='ocr-system' content='tesseract 3.04.00' />
  <meta name='ocr-capabilities' content='ocr_page ocr_carea ocr_par ocr_line ocrx_word'/>
</head>
<body>
  <div class='ocr_page' id='page_1' title='image "./officiumhebdoma00churgoog_0049.png"; bbox 0 0 2070 3774; ppageno 0'>
   <div class='ocr_carea' id='block_1_1' title="bbox 219 188 915 312">
    <p class='ocr_par' dir='ltr' id='par_1_1' title="bbox 219 188 915 312">
     <span class='ocr_line' id='line_1_1' title="bbox 219 188 915 312; baseline -0.014 -29"><span class='ocrx_word' id='word_1_1' title='bbox 219 225 277 312; x_wconf 82' lang='lat'>42</span> <span class='ocrx_word' id='word_1_2' title='bbox 323 188 915 279; x_wconf 75' lang='lat' dir='ltr'>FerietertiaHebdomnanctee</span> 
     </span>
    </p>
   </div>
   <div class='ocr_carea' id='block_1_2' title="bbox 151 306 978 514">
    <p class='ocr_par' dir='ltr' id='par_1_2' title="bbox 151 306 978 514">
     <span class='ocr_line' id='line_1_2' title="bbox 151 306 978 511; baseline 0.002 -115"><span class='ocrx_word' id='word_1_3' title='bbox 151 306 359 402; x_wconf 79' lang='lat' dir='ltr'>Oremus.</span> <span class='ocrx_word' id='word_1_4' title='bbox 377 310 606 511; x_wconf 59' lang='lat' dir='ltr'>flectgmun</span> <span class='ocrx_word' id='word_1_5' title='bbox 622 314 822 428; x_wconf 83' lang='lat' dir='ltr'>genun.L</span> <span class='ocrx_word' id='word_1_6' title='bbox 840 336 978 398; x_wconf 76' lang='lat' dir='ltr'>evate.</span> 
     </span>
     <span class='ocr_line' id='line_1_3' title="bbox 522 456 648 514; baseline -0.016 -2"><span class='ocrx_word' id='word_1_7' title='bbox 522 456 620 514; x_wconf 86' lang='lat' dir='ltr'>rano</span> <span class='ocrx_word' id='word_1_8' title='bbox 636 489 648 511; x_wconf 91' lang='lat'><strong>.</strong></span> 
     </span>
    </p>
   </div>
   <div class='ocr_carea' id='block_1_3' title="bbox 155 543 982 743">
    <p class='ocr_par' dir='ltr' id='par_1_3' title="bbox 155 543 982 743">
     <span class='ocr_line' id='line_1_4' title="bbox 155 543 982 743; baseline -0.005 -111"><span class='ocrx_word' id='word_1_9' title='bbox 155 544 256 743; x_wconf 87' lang='lat' dir='ltr'>O</span> <span class='ocrx_word' id='word_1_10' title='bbox 278 545 537 660; x_wconf 77' lang='lat' dir='ltr'>Mnipotene,</span> <span class='ocrx_word' id='word_1_11' title='bbox 567 546 803 661; x_wconf 73' lang='lat' dir='ltr'>sempiterne</span> <span class='ocrx_word' id='word_1_12' title='bbox 837 543 982 645; x_wconf 82' lang='lat' dir='ltr'>Deus,</span> 
     </span>
    </p>
   </div>
   <div class='ocr_carea' id='block_1_4' title="bbox 156 657 1027 3085">
    <p class='ocr_par' dir='ltr' id='par_1_4' title="bbox 156 657 1027 3085">
     <span class='ocr_line' id='line_1_5' title="bbox 295 657 981 749; baseline -0.001 -3"><span class='ocrx_word' id='word_1_13' title='bbox 295 657 480 747; x_wconf 77' lang='lat' dir='ltr'>danobis</span> <span class='ocrx_word' id='word_1_14' title='bbox 506 661 560 746; x_wconf 84' lang='lat' dir='ltr'>ita</span> <span class='ocrx_word' id='word_1_15' title='bbox 573 662 797 749; x_wconf 82' lang='lat' dir='ltr'>Dominicae</span> <span class='ocrx_word' id='word_1_16' title='bbox 826 661 981 746; x_wconf 65' lang='lat' dir='ltr'>Passio·</span> 
     </span>
     <span class='ocr_line' id='line_1_6' title="bbox 156 776 982 894; baseline -0.005 -27"><span class='ocrx_word' id='word_1_17' title='bbox 156 777 219 867; x_wconf 79' lang='lat' dir='ltr'>nir</span> <span class='ocrx_word' id='word_1_18' title='bbox 232 801 473 863; x_wconf 77' lang='lat' dir='ltr'>sacramenta</span> <span class='ocrx_word' id='word_1_19' title='bbox 487 804 698 894; x_wconf 80' lang='lat' dir='ltr'>peragere:</span> <span class='ocrx_word' id='word_1_20' title='bbox 716 801 760 863; x_wconf 90' lang='lat' dir='ltr'>ut</span> <span class='ocrx_word' id='word_1_21' title='bbox 774 776 982 892; x_wconf 86' lang='lat' dir='ltr'>indulgen·</span> 
     </span>
     <span class='ocr_line' id='line_1_7' title="bbox 157 893 852 1010; baseline -0.01 -26"><span class='ocrx_word' id='word_1_22' title='bbox 157 898 253 984; x_wconf 81' lang='lat' dir='ltr'>tiam</span> <span class='ocrx_word' id='word_1_23' title='bbox 267 893 469 1010; x_wconf 85' lang='lat' dir='ltr'>percipere</span> <span class='ocrx_word' id='word_1_24' title='bbox 487 904 736 982; x_wconf 85' lang='lat' dir='ltr'>mereamur.</span> <span class='ocrx_word' id='word_1_25' title='bbox 755 896 852 982; x_wconf 85' lang='lat' dir='ltr'>Per.</span> 
     </span>
     <span class='ocr_line' id='line_1_8' title="bbox 181 1006 976 1124; baseline 0.008 -35"><span class='ocrx_word' id='word_1_26' title='bbox 181 1008 211 1088; x_wconf 77' lang='lat' dir='ltr'>t</span> <span class='ocrx_word' id='word_1_27' title='bbox 231 1010 334 1095; x_wconf 87' lang='lat' dir='ltr'>ectio</span> <span class='ocrx_word' id='word_1_28' title='bbox 346 1011 526 1119; x_wconf 81' lang='lat' dir='ltr'>Jeremiae</span> <span class='ocrx_word' id='word_1_29' title='bbox 538 1011 775 1124; x_wconf 72' lang='lat' dir='ltr'>Prophetae.</span> <span class='ocrx_word' id='word_1_30' title='bbox 793 1006 925 1121; x_wconf 74' lang='lat' dir='ltr'>Capi</span> <span class='ocrx_word' id='word_1_31' title='bbox 937 1035 976 1095; x_wconf 78' lang='grc' dir='ltr'>ι.</span> 
     </span>
     <span class='ocr_line' id='line_1_9' title="bbox 208 1122 982 1238; baseline -0.004 -28"><span class='ocrx_word' id='word_1_32' title='bbox 208 1127 250 1210; x_wconf 89' lang='lat' dir='ltr'>N</span> <span class='ocrx_word' id='word_1_33' title='bbox 266 1123 404 1212; x_wconf 79' lang='lat' dir='ltr'>diebus</span> <span class='ocrx_word' id='word_1_34' title='bbox 422 1127 497 1211; x_wconf 75' lang='lat' dir='ltr'>illis</span> <span class='ocrx_word' id='word_1_35' title='bbox 514 1125 655 1214; x_wconf 84' lang='lat' dir='ltr'>:Dixit</span> <span class='ocrx_word' id='word_1_36' title='bbox 671 1125 854 1238; x_wconf 78' lang='lat' dir='ltr'>Jeremim</span> <span class='ocrx_word' id='word_1_37' title='bbox 870 1155 882 1207; x_wconf 71' lang='lat' dir='ltr'><em>z</em></span> <span class='ocrx_word' id='word_1_38' title='bbox 900 1122 982 1207; x_wconf 92' lang='lat' dir='ltr'>Do·</span> 
     </span>
     <span class='ocr_line' id='line_1_10' title="bbox 223 1233 983 1345; baseline -0.003 -20"><span class='ocrx_word' id='word_1_39' title='bbox 223 1243 355 1345; x_wconf 87' lang='lat' dir='ltr'>mine,</span> <span class='ocrx_word' id='word_1_40' title='bbox 385 1242 658 1329; x_wconf 81' lang='lat' dir='ltr'>demomtratti</span> <span class='ocrx_word' id='word_1_41' title='bbox 687 1233 812 1343; x_wconf 87' lang='lat' dir='ltr'>mihi,</span> <span class='ocrx_word' id='word_1_42' title='bbox 844 1238 886 1319; x_wconf 76' lang='grc' dir='ltr'>ἃ</span> <span class='ocrx_word' id='word_1_43' title='bbox 913 1266 983 1323; x_wconf 87' lang='lat' dir='ltr'>co-</span> 
     </span>
     <span class='ocr_line' id='line_1_11' title="bbox 158 1354 987 1474; baseline -0.004 -31"><span class='ocrx_word' id='word_1_44' title='bbox 158 1361 283 1474; x_wconf 81' lang='lat' dir='ltr'>gnovi</span> <span class='ocrx_word' id='word_1_45' title='bbox 301 1388 313 1441; x_wconf 72' lang='grc' dir='ltr'><strong>ε</strong></span> <span class='ocrx_word' id='word_1_46' title='bbox 332 1380 426 1446; x_wconf 88' lang='lat' dir='ltr'>tunc</span> <span class='ocrx_word' id='word_1_47' title='bbox 443 1360 646 1446; x_wconf 80' lang='lat' dir='ltr'>ostendisti</span> <span class='ocrx_word' id='word_1_48' title='bbox 660 1360 756 1443; x_wconf 89' lang='lat' dir='ltr'>mihi</span> <span class='ocrx_word' id='word_1_49' title='bbox 772 1354 904 1443; x_wconf 70' lang='lat' dir='ltr'>studia</span> <span class='ocrx_word' id='word_1_50' title='bbox 918 1383 987 1440; x_wconf 84' lang='lat' dir='ltr'>eo·</span> 
     </span>
     <span class='ocr_line' id='line_1_12' title="bbox 158 1470 1027 1592; baseline -0.009 -31"><span class='ocrx_word' id='word_1_51' title='bbox 158 1501 251 1561; x_wconf 84' lang='lat' dir='ltr'>rum</span> <span class='ocrx_word' id='word_1_52' title='bbox 271 1536 281 1558; x_wconf 91' lang='lat'><strong>.</strong></span> <span class='ocrx_word' id='word_1_53' title='bbox 300 1470 352 1559; x_wconf 87' lang='lat' dir='ltr'>Et</span> <span class='ocrx_word' id='word_1_54' title='bbox 380 1502 483 1592; x_wconf 89' lang='lat' dir='ltr'>ego,</span> <span class='ocrx_word' id='word_1_55' title='bbox 509 1475 619 1587; x_wconf 77' lang='lat' dir='ltr'>qumi</span> <span class='ocrx_word' id='word_1_56' title='bbox 645 1502 770 1591; x_wconf 77' lang='lat' dir='ltr'>agnus</span> <span class='ocrx_word' id='word_1_57' title='bbox 796 1486 982 1557; x_wconf 78' lang='lat' dir='ltr'>mansue·</span> <span class='ocrx_word' id='word_1_58' title='bbox 1025 1486 1027 1499; x_wconf 89' lang='lat'>&#39;</span> 
     </span>
     <span class='ocr_line' id='line_1_13' title="bbox 156 1583 1027 1704; baseline -0.01 -29"><span class='ocrx_word' id='word_1_59' title='bbox 156 1611 244 1692; x_wconf 87' lang='lat' dir='ltr'>tus,</span> <span class='ocrx_word' id='word_1_60' title='bbox 284 1592 352 1704; x_wconf 85' lang='lat' dir='ltr'>qui</span> <span class='ocrx_word' id='word_1_61' title='bbox 388 1615 567 1704; x_wconf 81' lang='lat' dir='ltr'>portatur</span> <span class='ocrx_word' id='word_1_62' title='bbox 601 1593 652 1676; x_wconf 82' lang='lat' dir='ltr'>ad</span> <span class='ocrx_word' id='word_1_63' title='bbox 678 1591 907 1689; x_wconf 79' lang='lat' dir='ltr'>victimam3</span> <span class='ocrx_word' id='word_1_64' title='bbox 940 1583 983 1666; x_wconf 68' lang='grc' dir='ltr'>ὅ(</span> <span class='ocrx_word' id='word_1_65' title='bbox 1025 1678 1027 1687; x_wconf 45' lang='grc'>,</span> 
     </span>
     <span class='ocr_line' id='line_1_14' title="bbox 160 1707 984 1822; baseline -0.007 -31"><span class='ocrx_word' id='word_1_66' title='bbox 160 1735 243 1791; x_wconf 91' lang='lat' dir='ltr'>non</span> <span class='ocrx_word' id='word_1_67' title='bbox 265 1707 469 1822; x_wconf 83' lang='lat' dir='ltr'>cognovi,</span> <span class='ocrx_word' id='word_1_68' title='bbox 494 1709 586 1818; x_wconf 84' lang='lat' dir='ltr'>quia</span> <span class='ocrx_word' id='word_1_69' title='bbox 615 1709 893 1822; x_wconf 81' lang='lat' dir='ltr'>cogitaverunt</span> <span class='ocrx_word' id='word_1_70' title='bbox 914 1731 984 1786; x_wconf 79' lang='lat' dir='ltr'>su-</span> 
     </span>
     <span class='ocr_line' id='line_1_15' title="bbox 160 1819 984 1936; baseline -0.002 -31"><span class='ocrx_word' id='word_1_71' title='bbox 160 1847 233 1936; x_wconf 88' lang='lat' dir='ltr'>per</span> <span class='ocrx_word' id='word_1_72' title='bbox 266 1851 329 1905; x_wconf 91' lang='lat' dir='ltr'>me</span> <span class='ocrx_word' id='word_1_73' title='bbox 362 1823 549 1923; x_wconf 72' lang='lat' dir='ltr'>consilia,</span> <span class='ocrx_word' id='word_1_74' title='bbox 594 1823 769 1908; x_wconf 82' lang='lat' dir='ltr'>dicentes</span> <span class='ocrx_word' id='word_1_75' title='bbox 800 1851 811 1902; x_wconf 75' lang='grc' dir='ltr'><strong><em>ε</em></strong></span> <span class='ocrx_word' id='word_1_76' title='bbox 842 1819 984 1905; x_wconf 84' lang='lat' dir='ltr'>Mitta-</span> 
     </span>
     <span class='ocr_line' id='line_1_16' title="bbox 157 1932 1027 2052; baseline -0.001 -31"><span class='ocrx_word' id='word_1_77' title='bbox 157 1965 246 2022; x_wconf 83' lang='lat' dir='ltr'>mus</span> <span class='ocrx_word' id='word_1_78' title='bbox 272 1938 424 2052; x_wconf 83' lang='lat' dir='ltr'>lignum</span> <span class='ocrx_word' id='word_1_79' title='bbox 453 1936 663 2050; x_wconf 77' lang='lat' dir='ltr'>in-panem</span> <span class='ocrx_word' id='word_1_80' title='bbox 690 1944 800 2048; x_wconf 77' lang='lat' dir='ltr'>ejus,</span> <span class='ocrx_word' id='word_1_81' title='bbox 829 1932 868 2015; x_wconf 78' lang='grc' dir='ltr'>ἃ</span> <span class='ocrx_word' id='word_1_82' title='bbox 899 1961 986 2020; x_wconf 85' lang='lat' dir='ltr'>era·</span> <span class='ocrx_word' id='word_1_83' title='bbox 1025 1982 1027 2019; x_wconf 90' lang='lat'><strong>:</strong></span> 
     </span>
     <span class='ocr_line' id='line_1_17' title="bbox 161 2048 985 2154; baseline -0.007 -17"><span class='ocrx_word' id='word_1_84' title='bbox 161 2053 300 2138; x_wconf 80' lang='lat' dir='ltr'>damus</span> <span class='ocrx_word' id='word_1_85' title='bbox 330 2082 421 2137; x_wconf 87' lang='lat' dir='ltr'>eum</span> <span class='ocrx_word' id='word_1_86' title='bbox 450 2051 500 2134; x_wconf 90' lang='lat' dir='ltr'>de</span> <span class='ocrx_word' id='word_1_87' title='bbox 533 2074 633 2137; x_wconf 81' lang='lat' dir='ltr'>terre</span> <span class='ocrx_word' id='word_1_88' title='bbox 660 2049 909 2136; x_wconf 82' lang='lat' dir='ltr'>viventium:</span> <span class='ocrx_word' id='word_1_89' title='bbox 935 2048 985 2154; x_wconf 47' lang='lat'>5&amp;</span> 
     </span>
     <span class='ocr_line' id='line_1_18' title="bbox 163 2166 1027 2280; baseline -0.001 -26"><span class='ocrx_word' id='word_1_90' title='bbox 163 2196 310 2254; x_wconf 88' lang='lat' dir='ltr'>nomen</span> <span class='ocrx_word' id='word_1_91' title='bbox 333 2173 418 2279; x_wconf 80' lang='lat' dir='ltr'>ejus</span> <span class='ocrx_word' id='word_1_92' title='bbox 435 2197 517 2251; x_wconf 87' lang='lat' dir='ltr'>non</span> <span class='ocrx_word' id='word_1_93' title='bbox 529 2191 771 2276; x_wconf 85' lang='lat' dir='ltr'>memoretur</span> <span class='ocrx_word' id='word_1_94' title='bbox 785 2166 986 2280; x_wconf 63' lang='lat' dir='ltr'>amplior.</span> <span class='ocrx_word' id='word_1_95' title='bbox 1023 2218 1027 2237; x_wconf 81' lang='lat'><strong>‹</strong></span> 
     </span>
     <span class='ocr_line' id='line_1_19' title="bbox 161 2281 989 2395; baseline -0.005 -26"><span class='ocrx_word' id='word_1_96' title='bbox 161 2282 228 2369; x_wconf 87' lang='lat' dir='ltr'>Tu</span> <span class='ocrx_word' id='word_1_97' title='bbox 247 2307 377 2368; x_wconf 84' lang='lat' dir='ltr'>autem</span> <span class='ocrx_word' id='word_1_98' title='bbox 393 2346 406 2384; x_wconf 94' lang='lat'>,</span> <span class='ocrx_word' id='word_1_99' title='bbox 421 2282 599 2368; x_wconf 88' lang='lat' dir='ltr'>Domine</span> <span class='ocrx_word' id='word_1_100' title='bbox 616 2281 818 2387; x_wconf 78' lang='lat' dir='ltr'>Sabaoth,</span> <span class='ocrx_word' id='word_1_101' title='bbox 841 2283 909 2395; x_wconf 94' lang='lat' dir='ltr'>qui</span> <span class='ocrx_word' id='word_1_102' title='bbox 927 2287 989 2394; x_wconf 84' lang='lat' dir='ltr'>ju·</span> 
     </span>
     <span class='ocr_line' id='line_1_20' title="bbox 161 2395 986 2511; baseline 0.001 -27"><span class='ocrx_word' id='word_1_103' title='bbox 161 2400 265 2486; x_wconf 81' lang='lat' dir='ltr'>diens</span> <span class='ocrx_word' id='word_1_104' title='bbox 293 2396 421 2510; x_wconf 69' lang='lat' dir='ltr'>juste,</span> <span class='ocrx_word' id='word_1_105' title='bbox 445 2397 485 2480; x_wconf 76' lang='grc' dir='ltr'>ὃ(</span> <span class='ocrx_word' id='word_1_106' title='bbox 501 2395 643 2511; x_wconf 81' lang='lat' dir='ltr'>probas</span> <span class='ocrx_word' id='word_1_107' title='bbox 669 2427 809 2503; x_wconf 80' lang='lat' dir='ltr'>renes,</span> <span class='ocrx_word' id='word_1_108' title='bbox 835 2398 877 2483; x_wconf 74' lang='grc' dir='ltr'>ἃ</span> <span class='ocrx_word' id='word_1_109' title='bbox 894 2426 986 2507; x_wconf 66' lang='lat' dir='ltr'>con·</span> 
     </span>
     <span class='ocr_line' id='line_1_21' title="bbox 162 2513 985 2616; baseline -0.001 -14"><span class='ocrx_word' id='word_1_110' title='bbox 162 2517 241 2616; x_wconf 84' lang='lat' dir='ltr'>da,</span> <span class='ocrx_word' id='word_1_111' title='bbox 274 2513 430 2601; x_wconf 82' lang='lat' dir='ltr'>videam</span> <span class='ocrx_word' id='word_1_112' title='bbox 458 2515 651 2602; x_wconf 87' lang='lat' dir='ltr'>ultionem</span> <span class='ocrx_word' id='word_1_113' title='bbox 681 2540 790 2603; x_wconf 86' lang='lat' dir='ltr'>tuam</span> <span class='ocrx_word' id='word_1_114' title='bbox 820 2545 869 2603; x_wconf 84' lang='lat' dir='ltr'>ex</span> <span class='ocrx_word' id='word_1_115' title='bbox 896 2516 985 2610; x_wconf 75' lang='lat' dir='ltr'>eirt</span> 
     </span>
     <span class='ocr_line' id='line_1_22' title="bbox 163 2626 986 2737; baseline 0.005 -20"><span class='ocrx_word' id='word_1_116' title='bbox 163 2627 235 2717; x_wconf 87' lang='lat' dir='ltr'>tibi</span> <span class='ocrx_word' id='word_1_117' title='bbox 279 2633 383 2717; x_wconf 89' lang='lat' dir='ltr'>enim</span> <span class='ocrx_word' id='word_1_118' title='bbox 418 2626 588 2718; x_wconf 79' lang='lat' dir='ltr'>revelavi</span> <span class='ocrx_word' id='word_1_119' title='bbox 632 2661 791 2721; x_wconf 75' lang='lat' dir='ltr'>cautam</span> <span class='ocrx_word' id='word_1_120' title='bbox 827 2626 986 2737; x_wconf 75' lang='lat' dir='ltr'>mettin,</span> 
     </span>
     <span class='ocr_line' id='line_1_23' title="bbox 164 2744 660 2851; baseline 0.008 -23"><span class='ocrx_word' id='word_1_121' title='bbox 164 2744 366 2851; x_wconf 88' lang='lat' dir='ltr'>Domine,</span> <span class='ocrx_word' id='word_1_122' title='bbox 387 2747 501 2834; x_wconf 89' lang='lat' dir='ltr'>Deus</span> <span class='ocrx_word' id='word_1_123' title='bbox 521 2774 660 2834; x_wconf 82' lang='lat' dir='ltr'>meus.</span> 
     </span>
     <span class='ocr_line' id='line_1_24' title="bbox 156 2861 986 2980; baseline -0.004 -26"><span class='ocrx_word' id='word_1_124' title='bbox 156 2861 214 2954; x_wconf 73' lang='lat' dir='ltr'>R·</span> <span class='ocrx_word' id='word_1_125' title='bbox 250 2864 339 2980; x_wconf 81' lang='lat' dir='ltr'>Ego</span> <span class='ocrx_word' id='word_1_126' title='bbox 376 2889 535 2965; x_wconf 83' lang='lat' dir='ltr'>autem,</span> <span class='ocrx_word' id='word_1_127' title='bbox 575 2865 668 2948; x_wconf 91' lang='lat' dir='ltr'>dum</span> <span class='ocrx_word' id='word_1_128' title='bbox 699 2865 799 2952; x_wconf 91' lang='lat' dir='ltr'>mihi</span> <span class='ocrx_word' id='word_1_129' title='bbox 831 2862 986 2952; x_wconf 72' lang='lat' dir='ltr'>molenti</span> 
     </span>
     <span class='ocr_line' id='line_1_25' title="bbox 165 2977 986 3085; baseline -0.001 -17"><span class='ocrx_word' id='word_1_130' title='bbox 165 3002 320 3085; x_wconf 79' lang='lat' dir='ltr'>essent,</span> <span class='ocrx_word' id='word_1_131' title='bbox 339 2977 550 3066; x_wconf 85' lang='lat' dir='ltr'>induebam</span> <span class='ocrx_word' id='word_1_132' title='bbox 573 3010 636 3068; x_wconf 92' lang='lat' dir='ltr'>me</span> <span class='ocrx_word' id='word_1_133' title='bbox 657 2982 813 3084; x_wconf 89' lang='lat' dir='ltr'>cilicio,</span> <span class='ocrx_word' id='word_1_134' title='bbox 836 2981 878 3065; x_wconf 71' lang='grc' dir='ltr'>ὅ(</span> <span class='ocrx_word' id='word_1_135' title='bbox 904 2981 986 3067; x_wconf 86' lang='lat' dir='ltr'>hu-</span> 
     </span>
    </p>
   </div>
   <div class='ocr_carea' id='block_1_5' title="bbox 31 3091 984 3211">
    <p class='ocr_par' dir='ltr' id='par_1_5' title="bbox 31 3091 984 3211">
     <span class='ocr_line' id='line_1_26' title="bbox 31 3091 984 3211; baseline 0.012 -40"><span class='ocrx_word' id='word_1_136' title='bbox 31 3164 34 3171; x_wconf 85' lang='grc'><strong>.</strong></span> <span class='ocrx_word' id='word_1_137' title='bbox 166 3091 361 3192; x_wconf 83' lang='lat' dir='ltr'>miliabam</span> <span class='ocrx_word' id='word_1_138' title='bbox 378 3100 419 3184; x_wconf 89' lang='lat' dir='ltr'>in</span> <span class='ocrx_word' id='word_1_139' title='bbox 442 3098 593 3211; x_wconf 76' lang='lat' dir='ltr'>jejunio</span> <span class='ocrx_word' id='word_1_140' title='bbox 625 3103 793 3186; x_wconf 78' lang='lat' dir='ltr'>animam</span> <span class='ocrx_word' id='word_1_141' title='bbox 824 3127 984 3185; x_wconf 74' lang='lat' dir='ltr'>metme</span> 
     </span>
    </p>
   </div>
   <div class='ocr_carea' id='block_1_6' title="bbox 164 3210 986 3443">
    <p class='ocr_par' dir='ltr' id='par_1_6' title="bbox 164 3210 986 3443">
     <span class='ocr_line' id='line_1_27' title="bbox 168 3210 986 3443; baseline 0.029 -150"><span class='ocrx_word' id='word_1_142' title='bbox 168 3210 360 3303; x_wconf 83' lang='lat' dir='ltr'>&amp;oratio</span> <span class='ocrx_word' id='word_1_143' title='bbox 387 3242 476 3315; x_wconf 86' lang='lat' dir='ltr'>mea</span> <span class='ocrx_word' id='word_1_144' title='bbox 490 3215 533 3317; x_wconf 88' lang='lat' dir='ltr'>in</span> <span class='ocrx_word' id='word_1_145' title='bbox 556 3216 646 3308; x_wconf 79' lang='lat' dir='ltr'>tinu</span> <span class='ocrx_word' id='word_1_146' title='bbox 670 3247 760 3310; x_wconf 87' lang='lat' dir='ltr'>meo</span> <span class='ocrx_word' id='word_1_147' title='bbox 775 3226 986 3443; x_wconf 50' lang='grc' dir='ltr'>ξᾰοηῖθῐῐθὲ</span> 
     </span>
     <span class='ocr_line' id='line_1_28' title="bbox 164 3346 924 3423; baseline 0.03 -1"><span class='ocrx_word' id='word_1_148' title='bbox 164 3346 233 3423; x_wconf 65' lang='lat'>1112</span> <span class='ocrx_word' id='word_1_149' title='bbox 246 3385 267 3419; x_wconf 65' lang='lat' dir='ltr'>e</span> <span class='ocrx_word' id='word_1_150' title='bbox 823 3395 835 3421; x_wconf 87' lang='lat'><strong>·</strong></span> <span class='ocrx_word' id='word_1_151' title='bbox 881 3359 924 3417; x_wconf 56' lang='grc' dir='ltr'>η’</span> 
     </span>
    </p>
   </div>
   <div class='ocr_carea' id='block_1_7' title="bbox 0 0 1043 3774">
    <p class='ocr_par' dir='ltr' id='par_1_7' title="bbox 0 0 1043 3774">
     <span class='ocr_line' id='line_1_29' title="bbox 0 0 1043 3774; baseline 0 0"><span class='ocrx_word' id='word_1_152' title='bbox 0 0 1043 3774; x_wconf 95' lang='lat' dir='ltr'> </span> 
     </span>
    </p>
   </div>
  </div>
 </body>
</html>
