2070 3774
251 212 474 297 secundnm
491 210 758 297 Mannum,
808 234 870 325 ⁹7

100 345 262 411 struere
285 322 499 441 Templum
530 320 638 428 Dei,
665 324 818 439 &post
849 324 927 413 tri«

100 442 231 539 duum
242 444 482 528 resedificare
496 441 618 527 illud.
645 444 682 527 (j
693 445 743 527 Et
755 469 924 559 surgens

102 558 290 675 Princeps
309 561 565 647 sacerdotum
582 621 594 663 ,
610 560 662 644 ait
687 559 742 643 illi
761 593 772 641 :
812 564 838 647 S
857 560 925 647 Ni·

100 674 157 765 hil
192 677 407 791 respondes
436 678 495 761 sd·
506 704 575 776 es,
592 705 685 786 quse
702 676 765 759 isti
783 675 925 761 adver-

104 799 194 894 sinn
211 816 251 879 te
268 790 559 879 testificantur?
599 794 636 877 C
661 796 771 903 Jesus
792 816 924 877 autem

103 907 263 995 tacebat
281 911 356 993 .Et
381 910 566 1022 Princeps
584 908 842 994 Sacerdoturn
869 912 924 997 sit

105 1023 923 1137 iwswmoemffimwm‚

102 1163 147 1224 ut
163 1142 273 1229 dicas
286 1138 425 1243 nobis,
440 1142 473 1224 si
492 1165 536 1225 tu
552 1169 593 1225 es
608 1139 788 1225 Christus
802 1142 924 1226 Filius

101 1250 210 1344 Dei.
249 1260 284 1343 C
304 1258 416 1341 Dicit
433 1256 489 1341 illi
505 1261 616 1365 Jesus
636 1293 647 1343 r
680 1266 730 1369 s}-
743 1257 811 1343 Tu
827 1257 924 1343 dixi·

101 1375 177 1459 sti.
194 1376 467 1461 Veruntamen
496 1374 587 1459 dico
612 1369 751 1459 vobis:
780 1374 926 1461 smodo

103 1489 286 1589 videbitis
310 1489 454 1577 Filium
478 1489 649 1576 hominis
676 1488 878 1573 sedentem
900 1498 925 1578 ὲ

103 1604 248 1695 dextris
273 1608 430 1693 virtutis
449 1604 551 1708 Dei,
567 1605 608 1688 &
631 1606 854 1691 venientem
882 1607 925 1695 in

40 1810 42 1817 ,
103 1722 277 1811 nubibus
291 1725 399 1811 caeli.
421 1722 583 1811 CTunc
597 1724 780 1839 Princeps
793 1721 925 1810 Sacer·

40 1858 46 1937 i
104 1838 245 1929 dotum
260 1842 376 1929 scidit
391 1840 622 1927 vestimenta
637 1868 710 1925 sua
725 1900 739 1940 ,
756 1840 891 1923 dicens
908 1873 923 1925 z

40 2020 54 2037 .
108 1958 444 2074 SBlasphemsvit
461 1987 473 2040 ε
491 1956 589 2068 quid
605 1958 735 2043 adhuc
760 1981 926 2070 egemus

40 2144 55 2186 ,
105 2072 308 2160 testibus?
325 2077 427 2161 Ecce
443 2102 548 2159 nunc
566 2072 725 2158 audistis
742 2066 926 2185 blasphe-

40 2247 56 2263 -
106 2190 251 2278 misms
270 2191 368 2303 quid
381 2185 705 2277 vobisvidetur‘t
735 2190 776 2277 -C
797 2191 850 2273 At
868 2186 925 2275 illi

40 2344 56 2396 r
105 2309 416 2424 respondentes,
439 2306 647 2391 dixerunt:
681 2312 709 2397 S
736 2305 843 2389 Reus
867 2327 928 2391 est

40 2479 56 2493 -
105 2425 271 2510 mortis.
293 2422 464 2519 CTunc
480 2441 715 2536 exspuerunt
732 2417 925 2505 infaciem

40 2572 52 2623 ε
106 2543 194 2649 ejus
220 2570 233 2623 z
264 2536 305 2623 ds
336 2538 508 2653 colaphis
534 2566 627 2623 eum
655 2535 927 2622 cseciderunt.

40 2705 47 2720 ·
104 2655 185 2739 Alii
203 2656 498 2768 sutempalrnss
516 2651 716 2739 infaciem
743 2656 829 2761 ejus
856 2649 929 2737 de·

40 2819 42 2835 ι
106 2769 277 2873 derunt,
292 2772 468 2859 dicentes
484 2803 495 2854 ε
514 2776 541 2863 S
557 2767 791 2882 Prophetizs
801 2763 930 2868 nobis,

108 2882 276 2972 Christe
291 2921 307 2990 ς
322 2888 413 3000 quis
434 2908 493 2972 est
508 2946 520 2986 ‚
535 2884 603 2994 qui
634 2908 672 2969 te
695 2880 927 2998 percussiti

109 3006 153 3095 C
178 3005 317 3089 Petrus
342 2998 436 3090 verb
451 2997 614 3089 sedebat
627 2999 723 3087 ioris
738 3001 786 3089 in
802 3001 931 3101 strio,

106 3115 929 3215 &mmmmmmmd

109 3262 240 3331 censs
259 3242 290 3334 ὃ
312 3236 422 3327 Ettu
434 3264 527 3438 cupi
536 3237 629 3347 lesu
640 3229 807 3449 Gdilspo
820 3256 929 3438 ppo.

291 3412 295 3417 -
530 3376 560 3441 2
790 3354 798 3373 “
857 3365 885 3445 t
