2070 3774
164 220 247 312 314
399 196 507 282 Feriu
532 218 638 277 sexta

160 314 211 398 Et
236 310 349 426 rigor
375 308 559 395 lentescat
586 301 675 409 ille,

159 425 294 538 Quem
323 425 432 513 dedit
461 421 672 509 nativitas:

159 541 216 626 Ut
245 543 402 659 superni
435 534 608 625 membru
636 538 785 653 Regis,

153 657 251 743 Miri
277 659 412 744 tendas
439 654 598 768 stipite.

108 772 204 866 Sole
236 771 358 883 digna
385 794 430 856 tu
457 767 563 854 fuisti

115 958 117 962 .
159 889 276 971 Ferre
303 886 397 972 secli
422 884 619 1001 pretium:

23 1030 35 1049 ··
155 1002 285 1112 Atque
311 1022 469 1116 portum
495 1026 712 1114 praeparare

158 1117 289 1200 Nauta
321 1117 470 1200 mundo
499 1117 724 1232 naufrago,

161 1227 292 1337 Quem
307 1256 560 1315 sacercruor
588 1228 800 1348 perunxit,

160 1344 282 1429 Fusus
297 1345 401 1457 Agni
419 1371 581 1458 corpore
598 1403 611 1428 .

108 1458 272 1562 Gloria,
297 1458 488 1546 &honor
513 1461 629 1563 Deo,

158 1572 444 1687 Usquequaque
460 1572 657 1662 Altissimo
672 1606 683 1657 ε

159 1688 249 1776 Una
276 1693 412 1792 Patri,
442 1690 646 1803 Pilioque,

159 1804 311 1914 Inclyto
339 1804 553 1912 Paraclito‚

160 1917 240 2003 Cui
274 1921 357 2007 laus
380 1943 461 2022 est,
489 1919 532 2002 ἃ
547 1940 739 2035 potestas,

35 2082 39 2090 =
158 2037 232 2120 Per
246 2036 563 2122 aeternesecule.
621 2035 771 2120 Amen.

132 2154 173 2243 Si
203 2176 407 2264 antequam
441 2155 529 2240 haec
569 2151 717 2237 fuerint
759 2164 927 2249 omnino

107 2292 297 2368 cantata,
339 2269 511 2354 adoratio
549 2268 740 2379 completa
778 2300 924 2381 esset,

103 2384 357 2468 nihilominus
384 2382 542 2498 'integre
559 2384 794 2485 certtenturt,
814 2418 925 2476 curn-

104 2525 180 2608 que
198 2500 345 2584 Versus
375 2500 535 2583 ultimus
552 2501 700 2609 Hymni
735 2501 923 2610 dicetur,

100 2613 214 2699 Prior
228 2615 360 2700 veniat
377 2621 433 2703 ud
461 2616 635 2702 medium
650 2618 796 2728 gradus
816 2622 926 2709 Pres-

103 2725 244 2839 byterii
272 2731 374 2814 inter
399 2728 566 2832 Altam,
595 2728 636 2808 ὅ(
662 2730 921 2843 Sacerdotes,

104 2845 171 2952 qui
199 2866 337 2929 tenent
364 2839 540 2929 ⁸Crucem
569 2875 581 2923 ε
628 2869 672 2927 ut
716 2853 922 2939 terminata

5 2994 8 2999 ·
103 2957 325 3044 adoratione
343 3018 361 3059 -‚
374 2959 618 3046 'Sacerdotes
648 2956 824 3047 Crucem
857 2997 919 3055 re·

102 3095 284 3159 verenter
333 3074 573 3181 elevantes,
614 3106 700 3162 eam
751 3081 918 3183 Priori,

104 3190 217 3279 stanti
248 3216 366 3307 super
378 3195 528 3309 gradus
552 3192 716 3299 Altarie,
732 3202 915 3283 tradant:

784 3341 858 3425 qm
