2070 3774
259 135 343 235 ass
421 146 427 155 ’
482 126 595 217 Fetia
621 150 731 218 sexta

200 246 447 365 Sequebatur
478 252 757 365 autem·]esum
786 247 925 340 Simon
947 250 1022 343 se:

201 388 310 471 trus,
336 366 488 455 &alius
517 368 760 484 discipulus.
790 368 1021 486 Dmcipulus

202 510 333 569 autem
361 482 425 570 ille
456 508 539 570 erat
563 510 680 571 notus
708 485 888 571 Pontifici
925 515 936 564 ε
979 486 1023 569 dt

201 599 379 685 introivit
405 629 494 683 cum
510 603 601 710 Jesu
630 605 671 686 in
698 602 838 685 atrium
865 598 1022 686 Pontifi-

200 718 282 805 cis.
311 719 447 800 Petrus
480 741 608 801 autem
639 714 763 802 stabat
792 718 844 801 ad
871 717 1020 802 ostium

198 826 326 915 foris.
357 832 490 914 Exivit
522 859 621 946 ergo
652 831 864 1028 discipulus
893 831 1018 934 alius,

198 947 266 1057 qui
287 969 369 1031 erat
386 973 504 1031 notus
520 947 725 1049 Pontifici,
795 947 891 1031 dixit
905 950 1018 1032 ostia·

198 1062 295 1145 riae:
313 1059 353 1140 dt
372 1061 587 1146 introduxit
605 1064 792 1146 Petrum.
813 1062 931 1171 ,Dicit
961 1090 1017 1147 er·

195 1203 252 1289 go
268 1179 382 1260 Petro
403 1175 542 1261 ancilla
571 1170 796 1287 ostiariam
810 1178 1019 1287 Numquid

189 1289 237 1371 dt
256 1313 298 1373 tu
316 1321 364 1377 ex
384 1291 582 1407 discipulis
608 1319 649 1375 es
675 1289 847 1375 hominis
864 1288 973 1372 istius
991 1289 1016 1376 2

196 1398 361 1491 CDicit
388 1406 481 1492 ille-e
504 1404 637 1517 SNon
664 1435 779 1491 sum.
801 1396 1018 1492 cassabant

194 1545 325 1607 autem
340 1522 471 1622 servi,
495 1513 541 1602 ‘dt
571 1521 735 1606 ministri
769 1524 1017 1633 admuntis,

192 1639 285 1746 quia
302 1636 427 1751 frigus
442 1661 551 1737 erat,
581 1636 622 1717 dt
647 1634 922 1724 calefaciebant
945 1665 1014 1721 se.

193 1753 287 1838 Erat
316 1775 446 1837 autem
474 1752 696 1837 cumeis&
717 1756 853 1837 Petrus
884 1776 1013 1857 stans,

192 1864 232 1948 dt
265 1865 492 1954 calefaciens
522 1896 594 1951 se.
622 1866 801 1952 Pontifex
832 1893 932 1983 ergo
962 1871 1013 1955 in·

195 1983 409 2096 terrogavit
425 1987 556 2093 Jesum
573 1983 620 2069 de
639 1981 837 2098 discipulis
852 1984 958 2089 suis,
973 1984 1013 2067 dt

194 2093 244 2180 de
262 2099 442 2182 doctrina
458 2103 542 2209 ejus
563 2158 574 2180 .
591 2098 808 2211 Respondit
823 2097 859 2183 ei
876 2103 1013 2208 Jesus:

189 2216 245 2321 sl«
261 2212 366 2328 'Ego
383 2210 512 2326 palam
544 2211 699 2299 locutus
728 2241 817 2298 sum
830 2215 1011 2300 mundo.

183 2324 283 2442 ‘Ego
299 2354 454 2442 semper
475 2329 589 2413 docui
607 2330 648 2414 iu
664 2356 761 2440 syna
789 2355 896 2444 oga,
911 2327 952 2409 ἃ
973 2331 1010 2417 in

193 2442 383 2558 templo,
411 2471 493 2555 quo
534 2471 670 2530 omnes
703 2356 828 2556 ludaei
870 2471 1009 2531 conve·

190 2563 329 2644 ninnt:
348 2557 389 2639 dt
417 2560 458 2643 in
485 2559 642 2644 occulto
672 2559 824 2645 locutus
842 2586 929 2643 sum
956 2563 1010 2648 ni·

191 2673 251 2759 hil
271 2734 282 2758 .
300 2670 415 2783 Quid
438 2702 501 2759 me
535 2673 787 2788 interrogas?
809 2679 1010 2792 Interroga

191 2815 285 2890 eos,
302 2789 370 2902 qui
403 2787 635 2893 audierunt,
651 2793 749 2902 quid
766 2788 920 2875 locutus
937 2794 1010 2877 sim

192 2905 311 3019 ipsis:
332 2933 421 2993 ecce
444 2905 488 2987 hi
519 2907 685 3009 sciunt,
728 2930 817 3018 quae
844 2907 1010 2993 dixerim

189 3044 296 3136 ego.
323 3017 362 3103 C
395 3024 497 3107 Haec
533 3043 665 3108 autem
702 3022 1010 3125 condiisses,

188 3142 296 3233 unus
312 3136 493 3229 assistens
512 3138 779 3250 ministrorum
802 3138 913 3226 dedit
940 3139 1009 3226 als·

859 3281 953 3369 pam
