<?xml version="1.0" encoding="UTF-8"?>
<!DOCTYPE html PUBLIC "-//W3C//DTD XHTML 1.0 Transitional//EN"
    "http://www.w3.org/TR/xhtml1/DTD/xhtml1-transitional.dtd">
<html xmlns="http://www.w3.org/1999/xhtml" xml:lang="en" lang="en">
 <head>
  <title>
</title>
<meta http-equiv="Content-Type" content="text/html;charset=utf-8" />
  <meta name='ocr-system' content='tesseract 3.04.00' />
  <meta name='ocr-capabilities' content='ocr_page ocr_carea ocr_par ocr_line ocrx_word'/>
</head>
<body>
  <div class='ocr_page' id='page_1' title='image "./officiumhebdoma00churgoog/officiumhebdoma00churgoog_0189.png"; bbox 0 0 2070 3774; ppageno 0'>
   <div class='ocr_carea' id='block_1_1' title="bbox 80 96 957 1346">
    <p class='ocr_par' dir='ltr' id='par_1_1' title="bbox 80 96 957 1346">
     <span class='ocr_line' id='line_1_1' title="bbox 189 96 692 209; baseline -0.014 -26"><span class='ocrx_word' id='word_1_1' title='bbox 189 102 269 209; x_wconf 78' lang='lat'><strong>184</strong></span> <span class='ocrx_word' id='word_1_2' title='bbox 410 96 519 181; x_wconf 78' lang='lat' dir='ltr'><strong>Faria</strong></span> <span class='ocrx_word' id='word_1_3' title='bbox 533 96 692 206; x_wconf 72' lang='lat' dir='ltr'><strong>quinta:</strong></span> 
     </span>
     <span class='ocr_line' id='line_1_2' title="bbox 132 202 951 321; baseline -0.009 -24"><span class='ocrx_word' id='word_1_4' title='bbox 132 238 271 300; x_wconf 82' lang='lat' dir='ltr'><strong>manus</strong></span> <span class='ocrx_word' id='word_1_5' title='bbox 286 229 535 321; x_wconf 80' lang='lat' dir='ltr'><strong>peecatorum</strong></span> <span class='ocrx_word' id='word_1_6' title='bbox 552 267 564 291; x_wconf 87' lang='lat'><strong>.</strong></span> <span class='ocrx_word' id='word_1_7' title='bbox 581 209 738 294; x_wconf 67' lang='lat' dir='ltr'><strong>Melina</strong></span> <span class='ocrx_word' id='word_1_8' title='bbox 766 202 822 288; x_wconf 85' lang='lat' dir='ltr'><strong>illi</strong></span> <span class='ocrx_word' id='word_1_9' title='bbox 840 230 951 292; x_wconf 86' lang='lat' dir='ltr'><strong>erat.</strong></span> 
     </span>
     <span class='ocr_line' id='line_1_3' title="bbox 136 323 950 438; baseline -0.018 -23"><span class='ocrx_word' id='word_1_10' title='bbox 136 324 189 415; x_wconf 70' lang='lat' dir='ltr'><strong>R·</strong></span> <span class='ocrx_word' id='word_1_11' title='bbox 207 329 260 411; x_wconf 89' lang='lat' dir='ltr'><strong>vi.</strong></span> <span class='ocrx_word' id='word_1_12' title='bbox 292 326 410 409; x_wconf 84' lang='lat' dir='ltr'><strong>Eram</strong></span> <span class='ocrx_word' id='word_1_13' title='bbox 442 325 549 438; x_wconf 84' lang='lat' dir='ltr'>quasi</span> <span class='ocrx_word' id='word_1_14' title='bbox 578 350 704 436; x_wconf 81' lang='lat' dir='ltr'><strong>agnus</strong></span> <span class='ocrx_word' id='word_1_15' title='bbox 734 323 950 407; x_wconf 82' lang='lat' dir='ltr'><strong>innocens:</strong></span> 
     </span>
     <span class='ocr_line' id='line_1_4' title="bbox 136 435 949 538; baseline -0.007 -12"><span class='ocrx_word' id='word_1_16' title='bbox 136 442 277 527; x_wconf 81' lang='lat' dir='ltr'><strong>ductus</strong></span> <span class='ocrx_word' id='word_1_17' title='bbox 300 466 387 522; x_wconf 76' lang='lat' dir='ltr'><strong>oum</strong></span> <span class='ocrx_word' id='word_1_18' title='bbox 409 440 460 523; x_wconf 89' lang='lat' dir='ltr'><strong>ad</strong></span> <span class='ocrx_word' id='word_1_19' title='bbox 477 437 785 538; x_wconf 87' lang='lat' dir='ltr'><strong>immolandum,</strong></span> <span class='ocrx_word' id='word_1_20' title='bbox 801 435 841 518; x_wconf 79' lang='grc' dir='ltr'><strong>δι</strong></span> <span class='ocrx_word' id='word_1_21' title='bbox 857 466 949 522; x_wconf 84' lang='lat' dir='ltr'><strong>nes-</strong></span> 
     </span>
     <span class='ocr_line' id='line_1_5' title="bbox 137 551 946 652; baseline 0.001 -15"><span class='ocrx_word' id='word_1_22' title='bbox 137 551 318 652; x_wconf 88' lang='lat' dir='ltr'><strong>ciebam;</strong></span> <span class='ocrx_word' id='word_1_23' title='bbox 358 551 562 637; x_wconf 80' lang='lat' dir='ltr'><strong>consilium</strong></span> <span class='ocrx_word' id='word_1_24' title='bbox 590 551 766 637; x_wconf 85' lang='lat' dir='ltr'><strong>fecerunt</strong></span> <span class='ocrx_word' id='word_1_25' title='bbox 800 552 946 637; x_wconf 73' lang='lat' dir='ltr'><strong>inimici</strong></span> 
     </span>
     <span class='ocr_line' id='line_1_6' title="bbox 80 666 948 772; baseline -0.002 -21"><span class='ocrx_word' id='word_1_26' title='bbox 80 766 83 772; x_wconf 21' lang='lat'><strong>¹</strong></span> <span class='ocrx_word' id='word_1_27' title='bbox 137 668 214 752; x_wconf 85' lang='lat' dir='ltr'><strong>mei</strong></span> <span class='ocrx_word' id='word_1_28' title='bbox 231 666 437 751; x_wconf 68' lang='lat' dir='ltr'><strong>adversam</strong></span> <span class='ocrx_word' id='word_1_29' title='bbox 454 696 544 765; x_wconf 85' lang='lat' dir='ltr'><strong>me,</strong></span> <span class='ocrx_word' id='word_1_30' title='bbox 561 667 751 751; x_wconf 80' lang='lat' dir='ltr'><strong>dicentes:</strong></span> <span class='ocrx_word' id='word_1_31' title='bbox 769 668 793 711; x_wconf 77' lang='lat'><strong>&#39;¹‘</strong></span> <span class='ocrx_word' id='word_1_32' title='bbox 814 668 948 751; x_wconf 84' lang='lat' dir='ltr'><strong>Veni-</strong></span> 
     </span>
     <span class='ocr_line' id='line_1_7' title="bbox 138 781 951 892; baseline -0.001 -26"><span class='ocrx_word' id='word_1_33' title='bbox 138 805 178 866; x_wconf 84' lang='lat' dir='ltr'><strong>te</strong></span> <span class='ocrx_word' id='word_1_34' title='bbox 197 842 211 882; x_wconf 84' lang='lat'>‚</span> <span class='ocrx_word' id='word_1_35' title='bbox 238 781 431 866; x_wconf 73' lang='lat' dir='ltr'>mittamus</span> <span class='ocrx_word' id='word_1_36' title='bbox 448 781 599 892; x_wconf 87' lang='lat' dir='ltr'><strong>lignum</strong></span> <span class='ocrx_word' id='word_1_37' title='bbox 616 781 658 862; x_wconf 94' lang='lat' dir='ltr'><strong>in</strong></span> <span class='ocrx_word' id='word_1_38' title='bbox 674 807 816 892; x_wconf 85' lang='lat' dir='ltr'><strong>panem</strong></span> <span class='ocrx_word' id='word_1_39' title='bbox 837 787 951 890; x_wconf 77' lang='lat' dir='ltr'><strong>ejus,</strong></span> 
     </span>
     <span class='ocr_line' id='line_1_8' title="bbox 138 893 957 979; baseline 0.002 -3"><span class='ocrx_word' id='word_1_40' title='bbox 138 893 396 978; x_wconf 78' lang='lat' dir='ltr'><strong>&amp;eradamus</strong></span> <span class='ocrx_word' id='word_1_41' title='bbox 418 923 508 979; x_wconf 91' lang='lat' dir='ltr'><strong>eum</strong></span> <span class='ocrx_word' id='word_1_42' title='bbox 522 895 570 975; x_wconf 86' lang='lat' dir='ltr'><strong>de</strong></span> <span class='ocrx_word' id='word_1_43' title='bbox 590 916 692 977; x_wconf 84' lang='lat' dir='ltr'><strong>terra</strong></span> <span class='ocrx_word' id='word_1_44' title='bbox 707 893 921 978; x_wconf 83' lang='lat' dir='ltr'><strong>viventium</strong></span> <span class='ocrx_word' id='word_1_45' title='bbox 937 918 957 979; x_wconf 86' lang='grc'><strong>.’</strong></span> 
     </span>
     <span class='ocr_line' id='line_1_9' title="bbox 134 1003 948 1112; baseline 0.005 -23"><span class='ocrx_word' id='word_1_46' title='bbox 134 1004 189 1112; x_wconf 61' lang='lat' dir='ltr'><strong>W.</strong></span> <span class='ocrx_word' id='word_1_47' title='bbox 222 1003 371 1093; x_wconf 77' lang='lat' dir='ltr'><strong>Omnes</strong></span> <span class='ocrx_word' id='word_1_48' title='bbox 398 1008 543 1092; x_wconf 87' lang='lat' dir='ltr'><strong>inimici</strong></span> <span class='ocrx_word' id='word_1_49' title='bbox 560 1011 636 1091; x_wconf 87' lang='lat' dir='ltr'><strong>mei</strong></span> <span class='ocrx_word' id='word_1_50' title='bbox 661 1008 866 1091; x_wconf 66' lang='lat' dir='ltr'><strong>adversam</strong></span> <span class='ocrx_word' id='word_1_51' title='bbox 884 1040 948 1093; x_wconf 87' lang='lat' dir='ltr'><strong>me</strong></span> 
     </span>
     <span class='ocr_line' id='line_1_10' title="bbox 142 1117 950 1237; baseline 0.001 -32"><span class='ocrx_word' id='word_1_52' title='bbox 142 1119 365 1237; x_wconf 82' lang='lat' dir='ltr'><strong>cogitabant</strong></span> <span class='ocrx_word' id='word_1_53' title='bbox 390 1121 492 1210; x_wconf 82' lang='lat' dir='ltr'><strong>mala</strong></span> <span class='ocrx_word' id='word_1_54' title='bbox 518 1121 613 1205; x_wconf 91' lang='lat' dir='ltr'><strong>mihi</strong></span> <span class='ocrx_word' id='word_1_55' title='bbox 639 1149 650 1199; x_wconf 76' lang='grc' dir='ltr'><strong>ε</strong></span> <span class='ocrx_word' id='word_1_56' title='bbox 682 1117 845 1203; x_wconf 88' lang='lat' dir='ltr'><strong>verbum</strong></span> <span class='ocrx_word' id='word_1_57' title='bbox 877 1125 950 1205; x_wconf 89' lang='lat' dir='ltr'><strong>ini-</strong></span> 
     </span>
     <span class='ocr_line' id='line_1_11' title="bbox 137 1235 950 1346; baseline 0.004 -29"><span class='ocrx_word' id='word_1_58' title='bbox 137 1264 260 1346; x_wconf 90' lang='lat' dir='ltr'><strong>quum</strong></span> <span class='ocrx_word' id='word_1_59' title='bbox 301 1236 583 1321; x_wconf 86' lang='lat' dir='ltr'><strong>mandaverunt</strong></span> <span class='ocrx_word' id='word_1_60' title='bbox 614 1235 819 1319; x_wconf 70' lang='lat' dir='ltr'><strong>adversam</strong></span> <span class='ocrx_word' id='word_1_61' title='bbox 849 1267 950 1342; x_wconf 84' lang='lat' dir='ltr'><strong>me,</strong></span> 
     </span>
    </p>
   </div>
   <div class='ocr_carea' id='block_1_2' title="bbox 13 1350 544 1441">
    <p class='ocr_par' dir='ltr' id='par_1_2' title="bbox 13 1350 544 1441">
     <span class='ocr_line' id='line_1_12' title="bbox 13 1350 544 1441; baseline -0.015 0"><span class='ocrx_word' id='word_1_62' title='bbox 13 1432 17 1441; x_wconf 91' lang='lat'>.</span> <span class='ocrx_word' id='word_1_63' title='bbox 138 1350 335 1437; x_wconf 85' lang='lat' dir='ltr'><strong>dicentes.</strong></span> <span class='ocrx_word' id='word_1_64' title='bbox 359 1353 509 1437; x_wconf 90' lang='lat' dir='ltr'><strong>Venite</strong></span> <span class='ocrx_word' id='word_1_65' title='bbox 530 1391 544 1433; x_wconf 87' lang='lat'><strong>.·</strong></span> 
     </span>
    </p>
   </div>
   <div class='ocr_carea' id='block_1_3' title="bbox 15 1461 950 3288">
    <p class='ocr_par' dir='ltr' id='par_1_3' title="bbox 92 1461 950 2029">
     <span class='ocr_line' id='line_1_13' title="bbox 131 1461 950 1577; baseline -0.006 -24"><span class='ocrx_word' id='word_1_66' title='bbox 131 1466 190 1570; x_wconf 73' lang='lat' dir='ltr'><strong>Bt.</strong></span> <span class='ocrx_word' id='word_1_67' title='bbox 218 1471 285 1553; x_wconf 90' lang='lat' dir='ltr'><strong>vii.</strong></span> <span class='ocrx_word' id='word_1_68' title='bbox 316 1461 407 1551; x_wconf 89' lang='lat' dir='ltr'><strong>Una</strong></span> <span class='ocrx_word' id='word_1_69' title='bbox 424 1465 521 1549; x_wconf 89' lang='lat' dir='ltr'><strong>hora</strong></span> <span class='ocrx_word' id='word_1_70' title='bbox 534 1493 616 1548; x_wconf 91' lang='lat' dir='ltr'><strong>non</strong></span> <span class='ocrx_word' id='word_1_71' title='bbox 638 1464 818 1577; x_wconf 71' lang='lat' dir='ltr'><strong>potuistis</strong></span> <span class='ocrx_word' id='word_1_72' title='bbox 851 1467 950 1577; x_wconf 82' lang='lat' dir='ltr'><strong>vigi-</strong></span> 
     </span>
     <span class='ocr_line' id='line_1_14' title="bbox 92 1577 948 1690; baseline 0.005 -30"><span class='ocrx_word' id='word_1_73' title='bbox 92 1626 113 1663; x_wconf 49' lang='lat' dir='ltr'><strong>t</strong></span> <span class='ocrx_word' id='word_1_74' title='bbox 137 1577 217 1663; x_wconf 83' lang='lat' dir='ltr'><strong>lare</strong></span> <span class='ocrx_word' id='word_1_75' title='bbox 234 1604 414 1678; x_wconf 87' lang='lat' dir='ltr'><strong>mecum,</strong></span> <span class='ocrx_word' id='word_1_76' title='bbox 432 1579 496 1690; x_wconf 93' lang='lat' dir='ltr'><strong>qui</strong></span> <span class='ocrx_word' id='word_1_77' title='bbox 530 1577 833 1664; x_wconf 76' lang='lat' dir='ltr'><strong>exhortabamini</strong></span> <span class='ocrx_word' id='word_1_78' title='bbox 864 1608 948 1664; x_wconf 87' lang='lat' dir='ltr'><strong>mo-</strong></span> 
     </span>
     <span class='ocr_line' id='line_1_15' title="bbox 137 1691 947 1804; baseline -0.001 -28"><span class='ocrx_word' id='word_1_79' title='bbox 137 1692 172 1776; x_wconf 81' lang='lat' dir='ltr'><strong>ri</strong></span> <span class='ocrx_word' id='word_1_80' title='bbox 189 1719 264 1804; x_wconf 88' lang='lat' dir='ltr'><strong>pro</strong></span> <span class='ocrx_word' id='word_1_81' title='bbox 279 1693 377 1778; x_wconf 70' lang='lat' dir='ltr'><strong>me?</strong></span> <span class='ocrx_word' id='word_1_82' title='bbox 394 1691 468 1782; x_wconf 85' lang='lat' dir='ltr'><strong>*V</strong></span> <span class='ocrx_word' id='word_1_83' title='bbox 481 1693 518 1774; x_wconf 90' lang='lat' dir='ltr'><strong>el</strong></span> <span class='ocrx_word' id='word_1_84' title='bbox 530 1696 671 1800; x_wconf 80' lang='lat' dir='ltr'><strong>Judam</strong></span> <span class='ocrx_word' id='word_1_85' title='bbox 685 1722 767 1777; x_wconf 89' lang='lat' dir='ltr'><strong>non</strong></span> <span class='ocrx_word' id='word_1_86' title='bbox 782 1693 947 1795; x_wconf 75' lang='lat' dir='ltr'><strong>videtis,</strong></span> 
     </span>
     <span class='ocr_line' id='line_1_16' title="bbox 138 1804 950 1916; baseline 0.007 -28"><span class='ocrx_word' id='word_1_87' title='bbox 138 1804 338 1916; x_wconf 91' lang='lat' dir='ltr'><strong>quomodo</strong></span> <span class='ocrx_word' id='word_1_88' title='bbox 368 1837 449 1892; x_wconf 91' lang='lat' dir='ltr'><strong>non</strong></span> <span class='ocrx_word' id='word_1_89' title='bbox 476 1808 623 1890; x_wconf 89' lang='lat' dir='ltr'><strong>dormit</strong></span> <span class='ocrx_word' id='word_1_90' title='bbox 650 1870 664 1913; x_wconf 89' lang='lat'><strong>,</strong></span> <span class='ocrx_word' id='word_1_91' title='bbox 689 1808 762 1893; x_wconf 80' lang='lat' dir='ltr'><strong>aed</strong></span> <span class='ocrx_word' id='word_1_92' title='bbox 793 1806 950 1894; x_wconf 81' lang='lat' dir='ltr'><strong>festinat</strong></span> 
     </span>
     <span class='ocr_line' id='line_1_17' title="bbox 138 1918 734 2029; baseline -0.007 -24"><span class='ocrx_word' id='word_1_93' title='bbox 138 1921 291 2008; x_wconf 80' lang='lat' dir='ltr'><strong>tradere</strong></span> <span class='ocrx_word' id='word_1_94' title='bbox 320 1949 382 2010; x_wconf 87' lang='lat' dir='ltr'><strong>me</strong></span> <span class='ocrx_word' id='word_1_95' title='bbox 412 1918 589 2029; x_wconf 68' lang='lat' dir='ltr'><strong>Judaeia‘t</strong></span> <span class='ocrx_word' id='word_1_96' title='bbox 731 1996 734 2001; x_wconf 83' lang='lat'><strong>.</strong></span> 
     </span>
    </p>

    <p class='ocr_par' dir='ltr' id='par_1_4' title="bbox 61 2032 947 2369">
     <span class='ocr_line' id='line_1_18' title="bbox 134 2032 947 2142; baseline 0.006 -30"><span class='ocrx_word' id='word_1_97' title='bbox 134 2033 188 2135; x_wconf 59' lang='lat' dir='ltr'><strong>pl).</strong></span> <span class='ocrx_word' id='word_1_98' title='bbox 223 2034 403 2116; x_wconf 87' lang='lat' dir='ltr'><strong>Dormite</strong></span> <span class='ocrx_word' id='word_1_99' title='bbox 420 2039 520 2142; x_wconf 83' lang='lat' dir='ltr'><strong>jam,</strong></span> <span class='ocrx_word' id='word_1_100' title='bbox 535 2032 574 2113; x_wconf 75' lang='grc' dir='ltr'>ἃ</span> <span class='ocrx_word' id='word_1_101' title='bbox 587 2037 838 2142; x_wconf 79' lang='lat' dir='ltr'><strong>requiescite:</strong></span> <span class='ocrx_word' id='word_1_102' title='bbox 854 2062 947 2117; x_wconf 87' lang='lat' dir='ltr'><strong>ecce</strong></span> 
     </span>
     <span class='ocr_line' id='line_1_19' title="bbox 135 2147 947 2261; baseline -0.004 -29"><span class='ocrx_word' id='word_1_103' title='bbox 135 2147 484 2261; x_wconf 79' lang='lat' dir='ltr'><strong>appropinquavit,</strong></span> <span class='ocrx_word' id='word_1_104' title='bbox 509 2149 578 2257; x_wconf 85' lang='lat' dir='ltr'><strong>qui</strong></span> <span class='ocrx_word' id='word_1_105' title='bbox 598 2176 661 2231; x_wconf 87' lang='lat' dir='ltr'><strong>me</strong></span> <span class='ocrx_word' id='word_1_106' title='bbox 692 2150 821 2235; x_wconf 88' lang='lat' dir='ltr'><strong>tradet</strong></span> <span class='ocrx_word' id='word_1_107' title='bbox 838 2148 947 2237; x_wconf 64' lang='lat' dir='ltr'><strong>mel</strong></span> 
     </span>
     <span class='ocr_line' id='line_1_20' title="bbox 61 2258 301 2369; baseline -0.013 -26"><span class='ocrx_word' id='word_1_108' title='bbox 61 2310 64 2315; x_wconf 73' lang='lat'><em>,</em></span> <span class='ocrx_word' id='word_1_109' title='bbox 141 2258 301 2369; x_wconf 87' lang='lat' dir='ltr'><strong>Judam.</strong></span> 
     </span>
    </p>

    <p class='ocr_par' dir='ltr' id='par_1_5' title="bbox 15 2374 948 3060">
     <span class='ocr_line' id='line_1_21' title="bbox 20 2374 948 2489; baseline -0.005 -24"><span class='ocrx_word' id='word_1_110' title='bbox 20 2454 29 2465; x_wconf 89' lang='lat'><em>.</em></span> <span class='ocrx_word' id='word_1_111' title='bbox 130 2380 187 2469; x_wconf 75' lang='lat' dir='ltr'><strong>Bt.</strong></span> <span class='ocrx_word' id='word_1_112' title='bbox 204 2381 286 2463; x_wconf 79' lang='lat' dir='ltr'><strong>viii·</strong></span> <span class='ocrx_word' id='word_1_113' title='bbox 307 2374 488 2463; x_wconf 78' lang='lat' dir='ltr'><strong>Seniorea</strong></span> <span class='ocrx_word' id='word_1_114' title='bbox 500 2374 637 2489; x_wconf 89' lang='lat' dir='ltr'><strong>populi</strong></span> <span class='ocrx_word' id='word_1_115' title='bbox 656 2377 861 2477; x_wconf 81' lang='lat' dir='ltr'><strong>consilium</strong></span> <span class='ocrx_word' id='word_1_116' title='bbox 886 2376 948 2460; x_wconf 78' lang='lat' dir='ltr'><strong>fe-</strong></span> 
     </span>
     <span class='ocr_line' id='line_1_22' title="bbox 122 2487 948 2601; baseline 0.004 -30"><span class='ocrx_word' id='word_1_117' title='bbox 122 2493 343 2591; x_wconf 32' lang='lat' dir='ltr'><strong>‚ceruntst‘</strong></span> <span class='ocrx_word' id='word_1_118' title='bbox 368 2491 438 2572; x_wconf 90' lang='lat' dir='ltr'><strong>Ut</strong></span> <span class='ocrx_word' id='word_1_119' title='bbox 465 2492 595 2597; x_wconf 82' lang='lat' dir='ltr'><strong>Jesum</strong></span> <span class='ocrx_word' id='word_1_120' title='bbox 624 2487 719 2575; x_wconf 90' lang='lat' dir='ltr'><strong>dolo</strong></span> <span class='ocrx_word' id='word_1_121' title='bbox 747 2516 948 2601; x_wconf 81' lang='lat' dir='ltr'><strong>tenerent,</strong></span> 
     </span>
     <span class='ocr_line' id='line_1_23' title="bbox 138 2602 947 2717; baseline 0.009 -34"><span class='ocrx_word' id='word_1_122' title='bbox 138 2602 180 2683; x_wconf 72' lang='grc' dir='ltr'><strong>ὅ(</strong></span> <span class='ocrx_word' id='word_1_123' title='bbox 205 2605 450 2697; x_wconf 84' lang='lat' dir='ltr'><strong>occiderent:</strong></span> <span class='ocrx_word' id='word_1_124' title='bbox 465 2633 554 2687; x_wconf 88' lang='lat' dir='ltr'><strong>cum</strong></span> <span class='ocrx_word' id='word_1_125' title='bbox 568 2603 738 2717; x_wconf 79' lang='lat' dir='ltr'><strong>gladiio,</strong></span> <span class='ocrx_word' id='word_1_126' title='bbox 765 2604 805 2687; x_wconf 76' lang='grc' dir='ltr'><strong>ὅ(</strong></span> <span class='ocrx_word' id='word_1_127' title='bbox 833 2605 947 2690; x_wconf 76' lang='lat' dir='ltr'><strong>fusti·</strong></span> 
     </span>
     <span class='ocr_line' id='line_1_24' title="bbox 137 2712 946 2828; baseline 0.014 -32"><span class='ocrx_word' id='word_1_128' title='bbox 137 2712 212 2798; x_wconf 81' lang='lat' dir='ltr'><strong>buo</strong></span> <span class='ocrx_word' id='word_1_129' title='bbox 228 2718 432 2818; x_wconf 84' lang='lat' dir='ltr'><strong>exierunt,</strong></span> <span class='ocrx_word' id='word_1_130' title='bbox 449 2739 644 2828; x_wconf 85' lang='lat' dir='ltr'><strong>tamquam</strong></span> <span class='ocrx_word' id='word_1_131' title='bbox 662 2719 712 2803; x_wconf 88' lang='lat' dir='ltr'><strong>ad</strong></span> <span class='ocrx_word' id='word_1_132' title='bbox 725 2721 913 2804; x_wconf 82' lang='lat' dir='ltr'><strong>latronem</strong></span> <span class='ocrx_word' id='word_1_133' title='bbox 928 2779 946 2807; x_wconf 63' lang='lat'><em>0</em></span> 
     </span>
     <span class='ocr_line' id='line_1_25' title="bbox 15 2827 947 2948; baseline 0.009 -38"><span class='ocrx_word' id='word_1_134' title='bbox 15 2926 18 2931; x_wconf 23' lang='grc' dir='ltr'>Ι</span> <span class='ocrx_word' id='word_1_135' title='bbox 133 2831 187 2931; x_wconf 61' lang='lat' dir='ltr'><strong>p.</strong></span> <span class='ocrx_word' id='word_1_136' title='bbox 224 2827 484 2946; x_wconf 85' lang='lat' dir='ltr'><strong>Collegerunt</strong></span> <span class='ocrx_word' id='word_1_137' title='bbox 516 2861 613 2946; x_wconf 87' lang='lat' dir='ltr'><strong>ergo</strong></span> <span class='ocrx_word' id='word_1_138' title='bbox 644 2835 876 2948; x_wconf 75' lang='lat' dir='ltr'><strong>pontifices,</strong></span> <span class='ocrx_word' id='word_1_139' title='bbox 905 2836 947 2918; x_wconf 78' lang='grc' dir='ltr'><strong>δι</strong></span> 
     </span>
     <span class='ocr_line' id='line_1_26' title="bbox 137 2943 848 3060; baseline 0.004 -32"><span class='ocrx_word' id='word_1_140' title='bbox 137 2943 316 3033; x_wconf 68' lang='lat' dir='ltr'><strong>Pharisaei</strong></span> <span class='ocrx_word' id='word_1_141' title='bbox 345 2947 574 3032; x_wconf 86' lang='lat' dir='ltr'><strong>concilium.</strong></span> <span class='ocrx_word' id='word_1_142' title='bbox 600 2954 670 3035; x_wconf 91' lang='lat' dir='ltr'><strong>Ut</strong></span> <span class='ocrx_word' id='word_1_143' title='bbox 697 2954 848 3060; x_wconf 77' lang='lat' dir='ltr'><strong>Jesum.</strong></span> 
     </span>
    </p>

    <p class='ocr_par' dir='ltr' id='par_1_6' title="bbox 129 3057 946 3176">
     <span class='ocr_line' id='line_1_27' title="bbox 129 3057 946 3176; baseline -0.007 -22"><span class='ocrx_word' id='word_1_144' title='bbox 129 3067 184 3169; x_wconf 73' lang='lat' dir='ltr'><strong>Bt.</strong></span> <span class='ocrx_word' id='word_1_145' title='bbox 215 3074 268 3156; x_wconf 83' lang='lat' dir='ltr'><strong>ix.</strong></span> <span class='ocrx_word' id='word_1_146' title='bbox 306 3057 551 3155; x_wconf 77' lang='lat' dir='ltr'><strong>Revelabunt</strong></span> <span class='ocrx_word' id='word_1_147' title='bbox 584 3062 672 3159; x_wconf 84' lang='lat' dir='ltr'><strong>caeli</strong></span> <span class='ocrx_word' id='word_1_148' title='bbox 702 3066 946 3176; x_wconf 82' lang='lat' dir='ltr'><strong>iniquitatem</strong></span> 
     </span>
    </p>

    <p class='ocr_par' dir='ltr' id='par_1_7' title="bbox 823 3180 888 3288">
     <span class='ocr_line' id='line_1_28' title="bbox 823 3180 888 3288; baseline 0 -14"><span class='ocrx_word' id='word_1_149' title='bbox 823 3180 888 3288; x_wconf 62' lang='lat' dir='ltr'><strong>Ja</strong></span> 
     </span>
    </p>
   </div>
   <div class='ocr_carea' id='block_1_4' title="bbox 0 0 1047 3774">
    <p class='ocr_par' dir='ltr' id='par_1_8' title="bbox 0 0 1047 3774">
     <span class='ocr_line' id='line_1_29' title="bbox 0 0 1047 3774; baseline 0 0"><span class='ocrx_word' id='word_1_150' title='bbox 0 0 1047 3774; x_wconf 95' lang='lat' dir='ltr'><strong> </strong></span> 
     </span>
    </p>
   </div>
  </div>
 </body>
</html>
