2070 3774
159 208 212 268 η
400 182 611 273 Dominica

101 301 141 386 ui
173 296 302 399 illiue,
330 298 604 415 prophetavit,
633 295 766 384 dicent
796 325 808 380 t
836 297 917 384 Ex-

100 414 211 532 pedit
235 413 434 517 vobia,ut
448 445 550 500 unus
576 416 767 500 moriatur
795 412 917 500 homo

98 560 173 649 pro
188 531 365 644 populo,
387 531 428 612 ἃ
443 561 524 616 non
537 554 619 616 tota
642 557 740 645 gena
755 553 917 643 pereatt

101 645 242 735 abillo
269 672 368 761 ergo
380 647 443 733 die
473 648 746 762 cogitaverunt
768 642 920 729 interfi-

101 790 190 852 cere
218 791 311 851 eum
324 823 337 868 ,
352 763 551 853 dicenter:
587 760 705 877 Quid
728 757 919 844 ferimur:

161 880 271 966 Cum
295 909 425 969 autem
453 883 692 969 inchoatura
711 876 924 965 Conventa

103 1020 192 1113 post
222 990 279 1096 V.
310 1001 556 1114 resumptio:
583 988 698 1103 Quid
725 985 920 1095 facimus,

103 1116 338 1230 procedatur
381 1116 430 1199 ad
477 1114 627 1199 tertiam
675 1116 926 1211 stationem,

103 1255 196 1338 quae
226 1228 294 1313 stat
323 1254 411 1316 ante
439 1229 641 1314 introitum
654 1228 930 1313 Ecclesium-

106 1344 394 1445 teriorem,vel
425 1350 466 1431 in
480 1344 654 1429 Ecclesia
671 1368 758 1427 ante
794 1343 927 1429 introi·

105 1480 190 1543 tum
223 1457 385 1544 Chori.

137 1575 406 1660 finitaautem
429 1583 691 1696 resumptione
708 1572 927 1692 precedere,

37 1717 43 1727 ·
96 1684 305 1775 ‘Cantores
335 1716 467 1806 genua
511 1695 700 1784 flectendo
743 1692 931 1805 incipiant

108 1807 271 1919 Aruiph.
292 1803 372 1896 Ave
389 1811 473 1897 Rex
487 1832 648 1904 noster.
687 1812 732 1893 In
749 1814 862 1918 cujus
878 1807 932 1887 irr-

108 1924 287 2037 ceptiooe
305 1922 453 2010 Fratres
468 1950 604 2012 omnes
619 1927 641 2039 (
657 1949 804 2037 praeter
821 1922 931 2005 Prio-

103 2066 187 2123 rem
203 2040 522 2143 comministris,
538 2042 578 2124 dt
596 2037 932 2134 Cruriferarium‚

106 2151 150 2235 er
183 2151 494 2267 Ceroferarios)
525 2160 645 2245 versis
674 2152 849 2240 vultibus
882 2153 934 2236 ad

106 2264 287 2354 -Crucem
301 2295 431 2384 genua
446 2268 668 2374 flectentes,
685 2275 779 2355 Ant.
794 2296 932 2382 prose-

109 2409 281 2489 quantur
312 2416 323 2466 τ
349 2387 430 2476 fili
461 2390 642 2497 David,
685 2389 928 2504 Redemptor

105 2508 252 2593 Mundi
268 2536 292 2594 t·
312 2509 403 2584 cum
416 2499 513 2587 verd
537 2505 735 2591 dixerint:
761 2505 929 2593 Redem

107 2647 199 2737 pror
212 2624 357 2712 Mundi
419 2647 556 2703 omnes
577 2649 617 2705 re
634 2622 788 2733 erigant
805 2680 818 2722 ,
836 2644 935 2702 stan-

107 2756 168 2817 tes
198 2738 300 2818 versi
332 2678 389 2813 ad
399 2729 572 2817 Crucem
598 2765 719 2845 usque
753 2734 935 2819 adfinem

111 2848 274 2973 Antiph·
314 2851 448 2971 Quem
482 2857 691 2972 Prophetae
729 2847 932 2972 praedixe-

104 2976 499 3075 ruut‚sa1varorem
531 2973 666 3057 domui
698 2972 813 3056 lsrael
842 3001 929 3058 esse

103 3110 313 3175 venturum
323 3119 345 3192 ·;
372 3087 432 3175 Te
447 3089 552 3173 euim
565 3089 616 3173 ad
641 3089 849 3174 salutarem
863 3089 928 3201 vi-

93 3205 263 3297 ‘trimam
276 3207 389 3297 Peter
402 3203 507 3296 uiuit
521 3205 769 3323 inmundum
783 3236 794 3286 ε
808 3230 927 3314 quem

747 3346 870 3435 expe-
