2070 3774
159 128 282 243 296'
395 120 505 206 Faria
525 144 633 213 texta

102 272 193 335 tura
233 246 459 364 impleretur
475 272 499 344 ,ε
539 243 597 329 Oa
626 246 717 330 =non
754 252 920 333 commi·

100 365 228 453 ruetis
258 395 306 450 ex
334 394 384 451 eo
401 424 411 444 .
428 365 479 447 Et
495 362 636 446 iterum
654 362 726 447 alia
743 364 924 477 Scriptu-

101 510 147 568 ra
175 481 269 567 dicit
286 476 518 569 :Videbunt
548 479 592 564 in
624 507 739 598 quem
770 482 926 564 tranafi·

108 622 275 686 xerunt.
352 704 356 709 Ι
443 617 449 625 ·

209 709 285 796 Oat
310 709 398 797 haec
429 733 558 797 autem
587 712 744 825 rogavit
761 712 931 797 Pilatum

220 826 362 959 Joseph
380 826 429 911 ab
442 826 704 928 Arimathaea‚
721 826 744 939 (
760 825 931 941 eoquod

108 964 208 1031 earet
224 941 438 1055 discipulus
456 947 576 1053 jesu,
603 943 781 1027 occultus
799 966 932 1029 autem

97 1118 102 1129 ·
136 1079 271 1174 roptet
296 1082 443 1142 metum
476 1057 703 1169 Judaeorum
727 1055 752 1168 )
778 1082 823 1143 ut
853 1059 932 1141 toi-

107 1087 209 1260 ieret
241 1196 383 1284 comus
399 1178 520 1283 Jeau.
547 1176 598 1256 Et
632 1172 809 1282 permisit
827 1175 933 1257 Pila-

108 1310 197 1375 tut.
226 1289 350 1372 Venit
380 1312 505 1402 ergo,
522 1286 562 1367 ὅ(
580 1288 669 1370 tulit
703 1286 933 1401 corpus‘Je-¹

110 1428 185 1488 au.
212 1400 332 1487 Venit
359 1424 488 1489 autem
519 1401 834 1505 &Nicodemus‚
863 1408 934 1515 qui

37 1512 41 1521 ’
111 1540 277 1605 venerat
288 1516 338 1602 ad
355 1522 484 1627 lerum
500 1538 618 1602 'nocte
642 1520 843 1632 primum,
871 1520 937 1605 fe·-

112 1659 203 1719 rena
219 1635 436 1747 mixturam
476 1634 656 1745 myrrhae
685 1693 697 1734 ‚
725 1631 765 1713 ἃ
803 1634 937 1740 aloes,

108 1749 218 1861 quasi
236 1743 357 1837 librar
376 1769 535 1835 centum
558 1808 568 1830 .
598 1752 846 1862 Accepetunt
872 1778 937 1861 et-¹

114 1890 171 1978 go
199 1874 340 1979 corpur
363 1865 479 1973 Jeau,
508 1862 548 1945 ὅ(
581 1864 804 1975 ligaverunt
833 1864 936 1950 iliud

20 2042 24 2047 -
116 1977 244 2063 linteis
263 2006 353 2066 cum
370 1974 631 2084 aromatibus,
650 1980 751 2064 aicut
777 2008 861 2064 moa
876 2005 938 2067 eat

116 2095 263 2204 Judaeia
277 2095 440 2206 sepelire
459 2155 469 2177 .
498 2095 591 2178 Erat
608 2116 736 2178 autem
755 2095 795 2178 in
812 2095 933 2201 loco,

116 2207 184 2293 ubi
200 2210 405 2294 crucifixus
422 2232 480 2292 est
494 2267 507 2307 ,
521 2207 684 2292 hortus:
703 2208 741 2290 ἃ
761 2211 802 2294 in
818 2210 939 2298 horto

120 2346 416 2409 monumentum
443 2352 624 2435 novum,
654 2325 694 2408 in
725 2355 803 2438 quo
834 2357 940 2415 non-

122 2442 218 2527 dum
234 2440 440 2552 quisquam
454 2440 602 2555 potitus
619 2462 728 2525 erat.
763 2437 817 2524 lbi
835 2470 940 2560 ergo

120 2576 283 2670 propter
312 2558 550 2641 Paraaceven
565 2555 818 2666 judaeorum,
847 2564 940 2671 quia

121 2679 340 2876 ῇιὲῖδῐῧῇεᾶεῑ
368 2694 694 2781 monumentum,
722 2700 942 2789 potuerunt

148 2898 322 2986 Perfecta
343 2902 547 3005 Parsiana,
576 2912 687 2994 Prior
702 2938 781 2995 non
804 2910 934 3021 signet

118 3015 309 3130 teipsum,
334 3049 405 3101 nec
426 3018 591 3126 librum,
606 3056 677 3110 nec
709 3056 800 3109 eum
818 3052 937 3106 oscu-

121 3131 248 3233 letur,
283 3135 382 3219 sicut
409 3163 481 3218 ner
499 3138 699 3227 Diaconos
715 3172 729 3235 ς
747 3141 937 3224 sedatam

834 3286 877 3339 rn
