2070 3774
186 218 265 302 172
320 180 430 270 Feria
445 208 484 269 v.
494 182 534 269 in
550 179 682 272 Coena
693 184 856 272 Domini

116 329 182 389 tur
212 292 350 390 tibi-:³¹²
372 301 422 388 ad
450 298 623 416 linguam
650 298 859 388 dolosam?

116 411 283 532 Sagittae
305 418 474 533 potentis
503 443 654 505 acutae:
673 417 697 466 *
713 448 801 502 cum
832 445 917 502 cat·

114 530 280 617 bonibua
307 532 573 619 desolatoriis.

117 642 211 744 Heu
229 647 350 752 mihi,
379 649 469 758 quia
486 646 672 731 incolatus
686 675 795 733 meus
822 675 918 759 pro-

116 760 295 875 longatus
309 784 387 846 est:
405 758 607 847 *habitavi
624 792 713 846 cum
739 758 917 846 habitan-

114 871 218 956 tibus
259 874 394 960 Cedat
432 901 444 952 t
483 876 650 963 multbm
682 877 808 963 incola
843 875 919 960 suit

60 1004 63 1009 “
115 988 242 1075 anima
261 1021 371 1075 mea.

116 1090 230 1184 Cum
246 1104 332 1206 bia,
361 1106 427 1213 qui
444 1106 611 1188 oderunt
626 1134 781 1218 pacem,
811 1129 914 1185 eram

115 1217 472 1328 pacificuat*cbm
502 1219 685 1328 loquebar
715 1220 812 1317 illie,
841 1218 916 1296 im-

6 1426 8 1430 p
116 1329 339 1448 pugnabant
365 1363 428 1419 me
454 1331 609 1446 gratis.

116 1440 281 1559 Antiph.
303 1445 412 1531 Cum
440 1447 529 1547 hia,
555 1451 623 1557 qui
655 1449 822 1531 oderunt
851 1473 918 1555 pa-

115 1593 220 1668 cem,
244 1594 354 1648 eram
381 1561 590 1676 pacificus:
613 1569 703 1646 cbm
732 1560 917 1670 loquebar

81 1721 83 1725 ·
114 1679 219 1781 illis,
249 1672 527 1789 impugnabant
561 1705 622 1759 me
700 1673 797 1758 atis.

115 1782 340 1903 Anapum
355 1787 600 1873 hominibus.
642 1703 811 1874 gatraua
827 1816 918 1902 139.

113 1901 307 2097 ERipe
336 1936 422 2005 me,
450 1903 648 2000 Domine,
677 1899 724 1986 ab
755 1903 913 1990 homine

199 2120 207 2126 n
220 2021 324 2105 malo
340 2055 349 2100 :
364 2015 422 2102 *a
442 2024 530 2104 viro
547 2019 680 2125 iniquo
698 2019 804 2130 eripe
823 2048 884 2104 me
903 2077 915 2102 .

114 2122 216 2245 Qui,
232 2137 497 2246 cogitaverunt
515 2131 732 2239 iniquitates
767 2133 807 2214 in
833 2161 915 2217 cor·

112 2238 161 2330 tie
179 2274 191 2326 t
208 2243 329 2330 *tota
355 2247 418 2330 die
445 2240 727 2328 constituebant
754 2248 912 2356 praelia.

112 2352 316 2445 &uerunt
339 2360 490 2469 linguas
508 2386 605 2444 -suas
632 2359 732 2443 sicut
759 2388 914 2471 serpen-

109 2465 227 2555 tiet*
251 2502 443 2560 venenum
480 2472 655 2589 aspidum
694 2469 766 2555 aub
804 2473 912 2560 labiis

106 2614 271 2671 eorum.

113 2687 285 2788 Custodi
304 2729 365 2785 me
382 2761 396 2799 ,
411 2701 580 2784 Domine
597 2760 608 2798 ‚
625 2702 673 2782 de
687 2729 805 2793 manu
825 2729 914 2811 pec-

107 2816 287 2897 catoris:
319 2808 344 2858 *
373 2814 413 2894 ὅ(
444 2812 491 2898 ab
520 2809 741 2901 hominibus
773 2814 912 2922 iniquia

106 2929 212 3041 eripe
230 2958 331 3045 me·
493 3008 497 3013 .
762 3009 764 3014 .
804 2933 807 2937 ’

110 3026 196 3142 Qui
230 3043 500 3152 cogitaverunt
534 3039 778 3155 supplantare
811 3065 913 3151 grea-

104 3151 171 3243 aba
186 3184 293 3274 meos
312 3185 323 3237 ε
341 3152 663 3245 *absconderunt
686 3150 839 3268 superbi
860 3155 910 3240 la·

102 3298 247 3384 queunt
272 3267 393 3384 mihi.
543 3380 545 3385 Α
684 3376 687 3381 ,
797 3268 849 3352 Et
