2070 3774
361 200 407 285 In
423 196 645 303 Laudiitua'l
774 222 854 308 271

101 309 322 401 Benedicat
362 336 433 397 noa
455 312 599 418 Deus,
625 307 739 394 Deua
766 333 920 415 nomen

105 419 310 514 benedicat
337 445 409 513 'noa
437 429 590 515 Deua.
622 425 646 473 *
677 426 718 510 dt
747 449 922 513 metuant

107 573 199 630 eum
223 568 359 637 omnes
392 546 487 632 fines
516 569 661 631 tertee

103 668 194 755 Anti
223 666 261 749 h.
293 662 358 745 Ait
388 662 489 746 latro
508 664 568 746 ad
593 655 812 745 iatronem.
839 610 924 742 Noa

107 697 267 885 quidem
305 776 426 890 digna
456 778 566 864 factis
595 775 830 886 recipimus
860 775 924 859 hic

108 913 176 972 aut
178 919 241 975 em
275 895 371 1001 quid
400 890 535 980 fecit?
565 888 774 978 Memento
811 890 925 991 mei,

108 1001 312 1110 Domine,
342 1009 439 1094 dum
478 1010 632 1096 veneria
674 1008 716 1093 in
754 1034 926 1123 regnum

110 1141 248 1216 tuum

106 1242 270 1360 antiph.
300 1238 412 1331 Dum
435 1237 689 1336 conturbata

298 1352 510 1445 Canticum
522 1355 779 1448 Habacuc..

428 1468 616 1590 Cap..¹

232 1577 428 1687 Omine,
494 1613 545 1668 au
587 1557 624 1671 vi
691 1585 929 1690 auditionem

257 1722 408 1785 tumn.
427 1694 465 1746 *
478 1696 694 1786 &timui
917 1730 921 1741 ·

107 1811 293 1905 Domine
323 1874 337 1915 ‚
364 1841 466 1927 opua
499 1812 701 1900 tuumt*
720 1815 767 1913 in
796 1822 931 1909 medio

115 1951 307 2021 annorum
331 1929 490 2014 vivifica
518 1931 641 2018 illud.

113 2046 168 2128 In
196 2043 331 2129 medio
358 2070 553 2133 annorum
580 2066 720 2134 notum
746 2043 864 2137 facien
878 2079 891 2131 ε
906 2050 931 2098 *

116 2164 209 2242 cnm
239 2160 360 2246 iratua
386 2157 530 2264 fuerit,
549 2161 836 2255 ‘misericordiae
862 2185 934 2254 te·

117 2272 359 2364 tondeberis.

110 2389 236 2478 Deus
260 2388 309 2478 ab
331 2393 478 2478 Austro
504 2394 658 2482 veniet:
675 2392 758 2479 *ἃ
780 2416 938 2489 tanetus

120 2506 171 2592 de
199 2529 333 2592 monte
352 2508 532 2593 Pharan.
637 2594 639 2598 ,
1027 2617 1031 2623 ¹

114 2622 302 2822 Operuit
318 2623 704 2743 caeloagloriaejua.
693 2624 939 2714 ·²²‘&laudia

121 2745 208 2858 ejua
235 2739 352 2855 plena
377 2762 437 2826 eat
459 2761 591 2827 terta

114 2853 324 2968 splendor
351 2861 435 2965 ejus
464 2862 510 2941 ut
539 2855 606 2941 lux
623 2854 765 2941 erite*
791 2880 937 2940 cornua

126 2970 168 3054 in
197 2965 373 3054 manibus
406 2977 521 3082 ej.ua
648 3003 650 3007 ·

117 3085 197 3172 lbi
227 3004 450 3171 abscondita
472 3107 530 3170 eat
553 3082 745 3174 fortitudo
773 3092 940 3209 ejus:
885 3082 940 3136 ·*

124 3226 213 3291 ante
235 3197 433 3287 faciem
398 3228 483 3315 eiua
507 3195 578 3286 ibit
601 3225 726 3289 mora

529 3314 632 3430 M4
811 3271 909 3415 En
